@article{Kanazawa:2015ajw,
      author         = "Kanazawa, Koichi and Koike, Yuji and Metz, Andreas and
                        Pitonyak, Daniel and Schlegel, Marc",
      title          = "{Operator Constraints for Twist-3 Functions and Lorentz
                        Invariance Properties of Twist-3 Observables}",
      journal        = "Phys. Rev.",
      volume         = "D93",
      year           = "2016",
      number         = "5",
      pages          = "054024",
      doi            = "10.1103/PhysRevD.93.054024",
      eprint         = "1512.07233",
      archivePrefix  = "arXiv",
      primaryClass   = "hep-ph",
      reportNumber   = "RBRC-1164",
      SLACcitation   = "%%CITATION = ARXIV:1512.07233;%%"
}


@misc{Mathematica,
  author = {Wolfram Research{,} Inc.},
  title = {Mathematica, {V}ersion 11.3},
  note = {Champaign, IL, 2018}
}


@article{Jawalkar:2017ube,
      author         = "Jawalkar, S. and others",
      title          = "{Semi-Inclusive $\pi_0$ target and beam-target
                        asymmetries from 6 GeV electron scattering with CLAS}",
      year           = "2017",
      eprint         = "1709.10054",
      archivePrefix  = "arXiv",
      primaryClass   = "nucl-ex",
      reportNumber   = "JLAB-PHY-17-2567",
      SLACcitation   = "%%CITATION = ARXIV:1709.10054;%%"
}

@article{Echevarria:2014xaa,
      author         = "Echevarria, Miguel G. and Idilbi, Ahmad and Kang,
                        Zhong-Bo and Vitev, Ivan",
      title          = "{QCD Evolution of the Sivers Asymmetry}",
      journal        = "Phys. Rev.",
      volume         = "D89",
      year           = "2014",
      pages          = "074013",
      doi            = "10.1103/PhysRevD.89.074013",
      eprint         = "1401.5078",
      archivePrefix  = "arXiv",
      primaryClass   = "hep-ph",
      reportNumber   = "NIKHEF-2014-004",
      SLACcitation   = "%%CITATION = ARXIV:1401.5078;%%"
}

@article{Anselmino:2010bs,
      author         = "Anselmino, M. and Boglione, M. and D'Alesio, U. and
                        Melis, S. and Murgia, F. and Prokudin, A.",
      title          = "{New insight on the Sivers transverse momentum dependent
                        distribution function}",
      booktitle      = "{Spin physics. Proceedings, 19th International Symposium,
                        SPIN 2010, Juelich, Germany, September 27-October 2,
                        2010}",
      journal        = "J. Phys. Conf. Ser.",
      volume         = "295",
      year           = "2011",
      pages          = "012062",
      doi            = "10.1088/1742-6596/295/1/012062",
      eprint         = "1012.3565",
      archivePrefix  = "arXiv",
      primaryClass   = "hep-ph",
      reportNumber   = "JLAB-THY-10-1298",
      SLACcitation   = "%%CITATION = ARXIV:1012.3565;%%"
}

@article{Airapetian:2010ds,
      author         = "Airapetian, A. and others",
      title          = "{Effects of transversity in deep-inelastic scattering by
                        polarized protons}",
      collaboration  = "HERMES",
      journal        = "Phys. Lett.",
      volume         = "B693",
      year           = "2010",
      pages          = "11-16",
      doi            = "10.1016/j.physletb.2010.08.012",
      eprint         = "1006.4221",
      archivePrefix  = "arXiv",
      primaryClass   = "hep-ex",
      reportNumber   = "DESY-10-087",
      SLACcitation   = "%%CITATION = ARXIV:1006.4221;%%"
}

@article{Airapetian:2009ae,
      author         = "Airapetian, A. and others",
      title          = "{Observation of the Naive-T-odd Sivers Effect in
                        Deep-Inelastic Scattering}",
      collaboration  = "HERMES",
      journal        = "Phys. Rev. Lett.",
      volume         = "103",
      year           = "2009",
      pages          = "152002",
      doi            = "10.1103/PhysRevLett.103.152002",
      eprint         = "0906.3918",
      archivePrefix  = "arXiv",
      primaryClass   = "hep-ex",
      reportNumber   = "DESY-09-089",
      SLACcitation   = "%%CITATION = ARXIV:0906.3918;%%"
}

@article{Aghasyan:2017ctw,
      author         = "Aghasyan, M. and others",
      title          = "{Transverse-momentum-dependent Multiplicities of Charged
                        Hadrons in Muon-Deuteron Deep Inelastic Scattering}",
      collaboration  = "COMPASS",
      year           = "2017",
      eprint         = "1709.07374",
      archivePrefix  = "arXiv",
      primaryClass   = "hep-ex",
      reportNumber   = "CERN-EP-2017-253",
      SLACcitation   = "%%CITATION = ARXIV:1709.07374;%%"
}

@article{Airapetian:2012ki,
      author         = "Airapetian, A. and others",
      title          = "{Multiplicities of charged pions and kaons from
                        semi-inclusive deep-inelastic scattering by the proton and
                        the deuteron}",
      collaboration  = "HERMES",
      journal        = "Phys. Rev.",
      volume         = "D87",
      year           = "2013",
      pages          = "074029",
      doi            = "10.1103/PhysRevD.87.074029",
      eprint         = "1212.5407",
      archivePrefix  = "arXiv",
      primaryClass   = "hep-ex",
      reportNumber   = "DESY-12-157",
      SLACcitation   = "%%CITATION = ARXIV:1212.5407;%%"
}

@article{Martin:2009iq,
      author         = "Martin, A. D. and Stirling, W. J. and Thorne, R. S. and
                        Watt, G.",
      title          = "{Parton distributions for the LHC}",
      journal        = "Eur. Phys. J.",
      volume         = "C63",
      year           = "2009",
      pages          = "189-285",
      doi            = "10.1140/epjc/s10052-009-1072-5",
      eprint         = "0901.0002",
      archivePrefix  = "arXiv",
      primaryClass   = "hep-ph",
      reportNumber   = "IPPP-08-95, DCPT-08-190, CAVENDISH-HEP-08-16",
      SLACcitation   = "%%CITATION = ARXIV:0901.0002;%%"
}


@article{Musch:2010ka,
      author         = "Musch, Bernhard U. and Hagler, Philipp and Negele, John
                        W. and Schafer, Andreas",
      title          = "{Exploring quark transverse momentum distributions with
                        lattice QCD}",
      journal        = "Phys. Rev.",
      volume         = "D83",
      year           = "2011",
      pages          = "094507",
      doi            = "10.1103/PhysRevD.83.094507",
      eprint         = "1011.1213",
      archivePrefix  = "arXiv",
      primaryClass   = "hep-lat",
      reportNumber   = "MIT-CTP-4178, JLAB-THY-10-1266",
      SLACcitation   = "%%CITATION = ARXIV:1011.1213;%%"
}

@article{Micheal-new,
      author         = "Engelhardt, M.",
      title          = "{to be published}",
      year           = "2017",
}

@inproceedings{Yoon:2016dyh,
      author         = "Yoon, B. and Bhattacharya, T. and Engelhardt, M. and
                        Green, J. and Gupta, R. and Hägler, P. and Musch, B. and
                        Negele, J. and Pochinsky, A. and Syritsyn, S.",
      title          = "{Lattice QCD calculations of nucleon transverse
                        momentum-dependent parton distributions using clover and
                        domain wall fermions}",
      booktitle      = "{Proceedings, 33rd International Symposium on Lattice
                        Field Theory (Lattice 2015): Kobe, Japan, July 14-18,
                        2015}",
      organization   = "SISSA",
      publisher      = "SISSA",
      year           = "2015",
      url            = "https://inspirehep.net/record/1416478/files/arXiv:1601.05717.pdf",
      eprint         = "1601.05717",
      archivePrefix  = "arXiv",
      primaryClass   = "hep-lat",
      reportNumber   = "LA-UR-15-29077",
      SLACcitation   = "%%CITATION = ARXIV:1601.05717;%%"
}

@article{Engelhardt:2015xja,
      author         = "Engelhardt, M. and Hägler, P. and Musch, B. and Negele,
                        J. and Schäfer, A.",
      title          = "{Lattice QCD study of the Boer-Mulders effect in a pion}",
      journal        = "Phys. Rev.",
      volume         = "D93",
      year           = "2016",
      number         = "5",
      pages          = "054501",
      doi            = "10.1103/PhysRevD.93.054501",
      eprint         = "1506.07826",
      archivePrefix  = "arXiv",
      primaryClass   = "hep-lat",
      SLACcitation   = "%%CITATION = ARXIV:1506.07826;%%"
}

@article{Ji:2014hxa,
      author         = "Ji, Xiangdong and Sun, Peng and Xiong, Xiaonu and Yuan,
                        Feng",
      title          = "{Soft factor subtraction and transverse momentum
                        dependent parton distributions on the lattice}",
      journal        = "Phys. Rev.",
      volume         = "D91",
      year           = "2015",
      pages          = "074009",
      doi            = "10.1103/PhysRevD.91.074009",
      eprint         = "1405.7640",
      archivePrefix  = "arXiv",
      primaryClass   = "hep-ph",
      SLACcitation   = "%%CITATION = ARXIV:1405.7640;%%"
}

@article{Musch:2011er,
      author         = "Musch, B. U. and Hagler, Ph. and Engelhardt, M. and
                        Negele, J. W. and Schafer, A.",
      title          = "{Sivers and Boer-Mulders observables from lattice QCD}",
      journal        = "Phys. Rev.",
      volume         = "D85",
      year           = "2012",
      pages          = "094510",
      doi            = "10.1103/PhysRevD.85.094510",
      eprint         = "1111.4249",
      archivePrefix  = "arXiv",
      primaryClass   = "hep-lat",
      reportNumber   = "MIT-CTP-4324, JLAB-THY-11-1462",
      SLACcitation   = "%%CITATION = ARXIV:1111.4249;%%"
}

@article{Efremov:2010mt,
      author         = "Efremov, A. V. and Schweitzer, P. and Teryaev, O. V. and
                        Zavada, P.",
      title          = "{The relation between TMDs and PDFs in the covariant
                        parton model approach}",
      journal        = "Phys. Rev.",
      volume         = "D83",
      year           = "2011",
      pages          = "054025",
      doi            = "10.1103/PhysRevD.83.054025",
      eprint         = "1012.5296",
      archivePrefix  = "arXiv",
      primaryClass   = "hep-ph",
      reportNumber   = "JLAB-THY-10-1176",
      SLACcitation   = "%%CITATION = ARXIV:1012.5296;%%"
}

@article{Adolph:2014pwc,
      author         = "Adolph, C. and others",
      title          = "{Measurement of azimuthal hadron asymmetries in
                        semi-inclusive deep inelastic scattering off unpolarised
                        nucleons}",
      collaboration  = "COMPASS",
      journal        = "Nucl. Phys.",
      volume         = "B886",
      year           = "2014",
      pages          = "1046-1077",
      doi            = "10.1016/j.nuclphysb.2014.07.019",
      eprint         = "1401.6284",
      archivePrefix  = "arXiv",
      primaryClass   = "hep-ex",
      reportNumber   = "CERN-PH-EP-2014-009",
      SLACcitation   = "%%CITATION = ARXIV:1401.6284;%%"
}

@article{Gohn:2014zbz,
      author         = "Gohn, W. and others",
      title          = "{Beam-spin asymmetries from semi-inclusive pion
                        electroproduction}",
      collaboration  = "CLAS",
      journal        = "Phys. Rev.",
      volume         = "D89",
      year           = "2014",
      number         = "7",
      pages          = "072011",
      doi            = "10.1103/PhysRevD.89.072011",
      eprint         = "1402.4097",
      archivePrefix  = "arXiv",
      primaryClass   = "hep-ex",
      reportNumber   = "JLAB-PHY-14-1846",
      SLACcitation   = "%%CITATION = ARXIV:1402.4097;%%"
}

@article{Schweitzer:2012hh,
      author         = "Schweitzer, P. and Strikman, M. and Weiss, C.",
      title          = "{Intrinsic transverse momentum and parton correlations
                        from dynamical chiral symmetry breaking}",
      journal        = "JHEP",
      volume         = "01",
      year           = "2013",
      pages          = "163",
      doi            = "10.1007/JHEP01(2013)163",
      eprint         = "1210.1267",
      archivePrefix  = "arXiv",
      primaryClass   = "hep-ph",
      reportNumber   = "JLAB-THY-12-1641",
      SLACcitation   = "%%CITATION = ARXIV:1210.1267;%%"
}

@article{Collins:2016hqq,
      author         = "Collins, J. and Gamberg, L. and Prokudin, A. and Rogers,
                        T. C. and Sato, N. and Wang, B.",
      title          = "{Relating Transverse Momentum Dependent and Collinear
                        Factorization Theorems in a Generalized Formalism}",
      journal        = "Phys. Rev.",
      volume         = "D94",
      year           = "2016",
      number         = "3",
      pages          = "034014",
      doi            = "10.1103/PhysRevD.94.034014",
      eprint         = "1605.00671",
      archivePrefix  = "arXiv",
      primaryClass   = "hep-ph",
      reportNumber   = "JLAB-THY-16-2245",
      SLACcitation   = "%%CITATION = ARXIV:1605.00671;%%"
}

@article{Lorce:2014hxa,
      author         = "Lorcé, C. and Pasquini, B. and Schweitzer, P.",
      title          = "{Unpolarized transverse momentum dependent parton
                        distribution functions beyond leading twist in quark
                        models}",
      journal        = "JHEP",
      volume         = "01",
      year           = "2015",
      pages          = "103",
      doi            = "10.1007/JHEP01(2015)103",
      eprint         = "1411.2550",
      archivePrefix  = "arXiv",
      primaryClass   = "hep-ph",
      SLACcitation   = "%%CITATION = ARXIV:1411.2550;%%"
}

@article{Lorce:2016ugb,
      author         = "Lorcé, C. and Pasquini, B. and Schweitzer, P.",
      title          = "{Transverse pion structure beyond leading twist in
                        constituent models}",
      journal        = "Eur. Phys. J.",
      volume         = "C76",
      year           = "2016",
      number         = "7",
      pages          = "415",
      doi            = "10.1140/epjc/s10052-016-4257-8",
      eprint         = "1605.00815",
      archivePrefix  = "arXiv",
      primaryClass   = "hep-ph",
      SLACcitation   = "%%CITATION = ARXIV:1605.00815;%%"
}

@article{Metz:2016swz,
      author         = "Metz, Andreas and Vossen, Anselm",
      title          = "{Parton Fragmentation Functions}",
      journal        = "Prog. Part. Nucl. Phys.",
      volume         = "91",
      year           = "2016",
      pages          = "136-202",
      doi            = "10.1016/j.ppnp.2016.08.003",
      eprint         = "1607.02521",
      archivePrefix  = "arXiv",
      primaryClass   = "hep-ex",
      SLACcitation   = "%%CITATION = ARXIV:1607.02521;%%"
}

@article{Avakian:2015vha,
      author         = "Avakian, H. and Matevosyan, H. and Pasquini, B. and
                        Schweitzer, P.",
      title          = "{Studying the information content of TMDs using Monte
                        Carlo generators}",
      journal        = "J. Phys.",
      volume         = "G42",
      year           = "2015",
      pages          = "034015",
      doi            = "10.1088/0954-3899/42/3/034015",
      reportNumber   = "JLAB-PHY-15-2",
      SLACcitation   = "%%CITATION = JPAGA,G42,034015;%%"
}

@article{Barone:2015ksa,
      author         = "Barone, V. and Boglione, M. and Gonzalez Hernandez, J. O.
                        and Melis, S.",
      title          = "{Phenomenological analysis of azimuthal asymmetries in
                        unpolarized semi-inclusive deep inelastic scattering}",
      journal        = "Phys. Rev.",
      volume         = "D91",
      year           = "2015",
      number         = "7",
      pages          = "074019",
      doi            = "10.1103/PhysRevD.91.074019",
      eprint         = "1502.04214",
      archivePrefix  = "arXiv",
      primaryClass   = "hep-ph",
      SLACcitation   = "%%CITATION = ARXIV:1502.04214;%%"
}

@article{Barone:2010gk,
      author         = "Barone, Vincenzo and Melis, Stefano and Prokudin, Alexei",
      title          = "{Azimuthal asymmetries in unpolarized Drell-Yan processes
                        and the Boer-Mulders distributions of antiquarks}",
      journal        = "Phys. Rev.",
      volume         = "D82",
      year           = "2010",
      pages          = "114025",
      doi            = "10.1103/PhysRevD.82.114025",
      eprint         = "1009.3423",
      archivePrefix  = "arXiv",
      primaryClass   = "hep-ph",
      reportNumber   = "JLAB-THY-10-1290",
      SLACcitation   = "%%CITATION = ARXIV:1009.3423;%%"
}

@article{Barone:2009hw,
      author         = "Barone, Vincenzo and Melis, Stefano and Prokudin, Alexei",
      title          = "{The Boer-Mulders effect in unpolarized SIDIS: An
                        Analysis of the COMPASS and HERMES data on the cos 2 phi
                        asymmetry}",
      journal        = "Phys. Rev.",
      volume         = "D81",
      year           = "2010",
      pages          = "114026",
      doi            = "10.1103/PhysRevD.81.114026",
      eprint         = "0912.5194",
      archivePrefix  = "arXiv",
      primaryClass   = "hep-ph",
      reportNumber   = "JLAB-THY-09-1121",
      SLACcitation   = "%%CITATION = ARXIV:0912.5194;%%"
}

@article{Lefky:2014eia,
      author         = "Lefky, Christopher and Prokudin, Alexei",
      title          = "{Extraction of the distribution function $h^{\perp}_{1T}$
                        from experimental data}",
      journal        = "Phys. Rev.",
      volume         = "D91",
      year           = "2015",
      number         = "3",
      pages          = "034010",
      doi            = "10.1103/PhysRevD.91.034010",
      eprint         = "1411.0580",
      archivePrefix  = "arXiv",
      primaryClass   = "hep-ph",
      reportNumber   = "JLAB-THY-14-1885",
      SLACcitation   = "%%CITATION = ARXIV:1411.0580;%%"
}


@article{Sun:2013dya,
      author         = "Sun, Peng and Yuan, Feng",
      title          = "{Energy Evolution for the Sivers Asymmetries in Hard
                        Processes}",
      journal        = "Phys. Rev.",
      volume         = "D88",
      year           = "2013",
      pages          = "034016",
      doi            = "10.1103/PhysRevD.88.034016",
      eprint         = "1304.5037",
      archivePrefix  = "arXiv",
      primaryClass   = "hep-ph",
      SLACcitation   = "%%CITATION = ARXIV:1304.5037;%%"
}

@article{Anselmino:2012aa,
      author         = "Anselmino, M. and Boglione, M. and Melis, S.",
      title          = "{A Strategy towards the extraction of the Sivers function
                        with TMD evolution}",
      journal        = "Phys. Rev.",
      volume         = "D86",
      year           = "2012",
      pages          = "014028",
      doi            = "10.1103/PhysRevD.86.014028",
      eprint         = "1204.1239",
      archivePrefix  = "arXiv",
      primaryClass   = "hep-ph",
      SLACcitation   = "%%CITATION = ARXIV:1204.1239;%%"
}

@article{Gamberg:2013kla,
      author         = "Gamberg, Leonard and Kang, Zhong-Bo and Prokudin, Alexei",
      title          = "{Indication on the process-dependence of the Sivers
                        effect}",
      journal        = "Phys. Rev. Lett.",
      volume         = "110",
      year           = "2013",
      number         = "23",
      pages          = "232301",
      doi            = "10.1103/PhysRevLett.110.232301",
      eprint         = "1302.3218",
      archivePrefix  = "arXiv",
      primaryClass   = "hep-ph",
      reportNumber   = "JLAB-THY-13-1691",
      SLACcitation   = "%%CITATION = ARXIV:1302.3218;%%"
}

@article{Aybat:2011ge,
      author         = "Aybat, S. Mert and Collins, John C. and Qiu, Jian-Wei and
                        Rogers, Ted C.",
      title          = "{The QCD Evolution of the Sivers Function}",
      journal        = "Phys. Rev.",
      volume         = "D85",
      year           = "2012",
      pages          = "034043",
      doi            = "10.1103/PhysRevD.85.034043",
      eprint         = "1110.6428",
      archivePrefix  = "arXiv",
      primaryClass   = "hep-ph",
      reportNumber   = "NIKHEF-2011-030, YITP-SB-11-37",
      SLACcitation   = "%%CITATION = ARXIV:1110.6428;%%"
}

@inproceedings{Anselmino:2011gs,
      author         = "Anselmino, M. and Boglione, M. and D'Alesio, U. and
                        Melis, S. and Murgia, F. and Prokudin, A.",
      title          = "{Sivers Distribution Functions and the Latest SIDIS
                        Data}",
      booktitle      = "{19th International Workshop on Deep-Inelastic Scattering
                        and Related Subjects (DIS 2011) Newport News, Virginia,
                        April 11-15, 2011}",
      url            = "http://www1.jlab.org/Ul/publications/view_pub.cfm?pub_id=11722",
      year           = "2011",
      eprint         = "1107.4446",
      archivePrefix  = "arXiv",
      primaryClass   = "hep-ph",
      reportNumber   = "JLAB-THY-11-1419",
      SLACcitation   = "%%CITATION = ARXIV:1107.4446;%%"
}

@article{Bacchetta:2011gx,
      author         = "Bacchetta, Alessandro and Radici, Marco",
      title          = "{Constraining quark angular momentum through
                        semi-inclusive measurements}",
      journal        = "Phys. Rev. Lett.",
      volume         = "107",
      year           = "2011",
      pages          = "212001",
      doi            = "10.1103/PhysRevLett.107.212001",
      eprint         = "1107.5755",
      archivePrefix  = "arXiv",
      primaryClass   = "hep-ph",
      SLACcitation   = "%%CITATION = ARXIV:1107.5755;%%"
}


@article{Kang:2015msa,
      author         = "Kang, Zhong-Bo and Prokudin, Alexei and Sun, Peng and
                        Yuan, Feng",
      title          = "{Extraction of Quark Transversity Distribution and
                        Collins Fragmentation Functions with QCD Evolution}",
      journal        = "Phys. Rev.",
      volume         = "D93",
      year           = "2016",
      number         = "1",
      pages          = "014009",
      doi            = "10.1103/PhysRevD.93.014009",
      eprint         = "1505.05589",
      archivePrefix  = "arXiv",
      primaryClass   = "hep-ph",
      reportNumber   = "JLAB-THY-15-2044",
      SLACcitation   = "%%CITATION = ARXIV:1505.05589;%%"
}

@article{Anselmino:2015sxa,
      author         = "Anselmino, M. and Boglione, M. and D'Alesio, U. and
                        Gonzalez Hernandez, J. O. and Melis, S. and Murgia, F. and
                        Prokudin, A.",
      title          = "{Collins functions for pions from SIDIS and new $e^+e^-$
                        data: a first glance at their transverse momentum
                        dependence}",
      journal        = "Phys. Rev.",
      volume         = "D92",
      year           = "2015",
      number         = "11",
      pages          = "114023",
      doi            = "10.1103/PhysRevD.92.114023",
      eprint         = "1510.05389",
      archivePrefix  = "arXiv",
      primaryClass   = "hep-ph",
      SLACcitation   = "%%CITATION = ARXIV:1510.05389;%%"
}

@article{Kang:2014zza,
      author         = "Kang, Zhong-Bo and Prokudin, Alexei and Sun, Peng and
                        Yuan, Feng",
      title          = "{Nucleon tensor charge from Collins azimuthal asymmetry
                        measurements}",
      journal        = "Phys. Rev.",
      volume         = "D91",
      year           = "2015",
      pages          = "071501",
      doi            = "10.1103/PhysRevD.91.071501",
      eprint         = "1410.4877",
      archivePrefix  = "arXiv",
      primaryClass   = "hep-ph",
      reportNumber   = "JLAB-THY-14-1965",
      SLACcitation   = "%%CITATION = ARXIV:1410.4877;%%"
}


@article{Anselmino:2013vqa,
      author         = "Anselmino, M. and Boglione, M. and D'Alesio, U. and
                        Melis, S. and Murgia, F. and Prokudin, A.",
      title          = "{Simultaneous extraction of transversity and Collins
                        functions from new SIDIS and e+e- data}",
      journal        = "Phys. Rev.",
      volume         = "D87",
      year           = "2013",
      pages          = "094019",
      doi            = "10.1103/PhysRevD.87.094019",
      eprint         = "1303.3822",
      archivePrefix  = "arXiv",
      primaryClass   = "hep-ph",
      reportNumber   = "JLAB-THY-13-1704",
      SLACcitation   = "%%CITATION = ARXIV:1303.3822;%%"
}


@article{Signori:2013mda,
      author         = "Signori, Andrea and Bacchetta, Alessandro and Radici,
                        Marco and Schnell, Gunar",
      title          = "{Investigations into the flavor dependence of partonic
                        transverse momentum}",
      journal        = "JHEP",
      volume         = "11",
      year           = "2013",
      pages          = "194",
      doi            = "10.1007/JHEP11(2013)194",
      eprint         = "1309.3507",
      archivePrefix  = "arXiv",
      primaryClass   = "hep-ph",
      reportNumber   = "NIKHEF-2013-030",
      SLACcitation   = "%%CITATION = ARXIV:1309.3507;%%"
}

@article{Anselmino:2013lza,
      author         = "Anselmino, M. and Boglione, M. and Gonzalez Hernandez, J.
                        O. and Melis, S. and Prokudin, A.",
      title          = "{Unpolarised Transverse Momentum Dependent Distribution
                        and Fragmentation Functions from SIDIS Multiplicities}",
      journal        = "JHEP",
      volume         = "04",
      year           = "2014",
      pages          = "005",
      doi            = "10.1007/JHEP04(2014)005",
      eprint         = "1312.6261",
      archivePrefix  = "arXiv",
      primaryClass   = "hep-ph",
      reportNumber   = "JLAB-THY-13-1830",
      SLACcitation   = "%%CITATION = ARXIV:1312.6261;%%"
}

@article{Landry:2002ix,
      author         = "Landry, F. and Brock, R. and Nadolsky, Pavel M. and Yuan,
                        C.P.",
      title          = "{Tevatron Run-1 $Z$ boson data and Collins-Soper-Sterman
                        resummation formalism}",
      journal        = "Phys.Rev.",
      volume         = "D67",
      pages          = "073016",
      doi            = "10.1103/PhysRevD.67.073016",
      year           = "2003",
      eprint         = "hep-ph/0212159",
      archivePrefix  = "arXiv",
      primaryClass   = "hep-ph",
      SLACcitation   = "%%CITATION = HEP-PH/0212159;%%",
}



@article{Schnell:2010zza,
      author         = "Schnell, Gunar",
      title          = "{The Sivers and other semi-inclusive single-spin
                        asymmetries at HERMES}",
      collaboration  = "HERMES Collaboration",
      journal        = "PoS",
      volume         = "DIS2010",
      pages          = "247",
      year           = "2010",
      SLACcitation   = "%%CITATION = POSCI,DIS2010,247;%%",
}



@article{Aybat:2011zv,
      author         = "Aybat, S. Mert and Rogers, Ted C.",
      title          = "{TMD Parton Distribution and Fragmentation Functions with
                        QCD Evolution}",
      journal        = "Phys.Rev.",
      volume         = "D83",
      pages          = "114042",
      doi            = "10.1103/PhysRevD.83.114042",
      year           = "2011",
      eprint         = "1101.5057",
      archivePrefix  = "arXiv",
      primaryClass   = "hep-ph",
      reportNumber   = "NIKHEF-2011-001",
      SLACcitation   = "%%CITATION = ARXIV:1101.5057;%%",
}



@article{Rajotte:2010ir,
      author         = "Rajotte, Jean-Francois",
      title          = "{Hadron transverse momentum distributions and TMD
                        studies}",
      collaboration  = "COMPASS Collaboration",
      year           = "2010",
      eprint         = "1008.5125",
      archivePrefix  = "arXiv",
      primaryClass   = "hep-ex",
      SLACcitation   = "%%CITATION = ARXIV:1008.5125;%%",
}



@article{Airapetian:2009jy,
      author         = "Airapetian, A. and others",
      title          = "{Transverse momentum broadening of hadrons produced in
                        semi-inclusive deep-inelastic scattering on nuclei}",
      collaboration  = "HERMES Collaboration",
      journal        = "Phys.Lett.",
      volume         = "B684",
      pages          = "114-118",
      doi            = "10.1016/j.physletb.2010.01.020",
      year           = "2010",
      eprint         = "0906.2478",
      archivePrefix  = "arXiv",
      primaryClass   = "hep-ex",
      reportNumber   = "DESY-09-082",
      SLACcitation   = "%%CITATION = ARXIV:0906.2478;%%",
}



@article{Mkrtchyan:2007sr,
      author         = "Mkrtchyan, H. and Bosted, P.E. and Adams, G.S. and
                        Ahmidouch, A. and Angelescu, T. and others",
      title          = "{Transverse momentum dependence of semi-inclusive pion
                        production}",
      journal        = "Phys.Lett.",
      volume         = "B665",
      pages          = "20-25",
      doi            = "10.1016/j.physletb.2008.05.047",
      year           = "2008",
      eprint         = "0709.3020",
      archivePrefix  = "arXiv",
      primaryClass   = "hep-ph",
      reportNumber   = "JLAB-PHY-07-726",
      SLACcitation   = "%%CITATION = ARXIV:0709.3020;%%",
}



@article{Schweitzer:2010tt,
      author         = "Schweitzer, P. and Teckentrup, T. and Metz, A.",
      title          = "{Intrinsic transverse parton momenta in deeply inelastic
                        reactions}",
      journal        = "Phys.Rev.",
      volume         = "D81",
      pages          = "094019",
      doi            = "10.1103/PhysRevD.81.094019",
      year           = "2010",
      eprint         = "1003.2190",
      archivePrefix  = "arXiv",
      primaryClass   = "hep-ph",
      SLACcitation   = "%%CITATION = ARXIV:1003.2190;%%",
}



@article{Joosten:2009zz,
      author         = "Joosten, Rainer",
      title          = "{Unpolarized azimuthal asymmetries from the COMPASS
                        experiment at CERN}",
      collaboration  = "COMPASS Collaboration",
      journal        = "AIP Conf.Proc.",
      volume         = "1182",
      pages          = "585-588",
      doi            = "10.1063/1.3293876",
      year           = "2009",
      SLACcitation   = "%%CITATION = APCPC,1182,585;%%",
}



@article{Giordano:2009hi,
      author         = "Giordano, Francesca and Lamb, Rebecca",
      title          = "{Measurement of azimuthal asymmetries of the unpolarized
                        cross section at HERMES}",
      collaboration  = "HERMES Collaboration",
      journal        = "AIP Conf.Proc.",
      volume         = "1149",
      pages          = "423-426",
      year           = "2009",
      eprint         = "0901.2438",
      archivePrefix  = "arXiv",
      primaryClass   = "hep-ex",
      SLACcitation   = "%%CITATION = ARXIV:0901.2438;%%",
}






@article{Osipenko:2008aa,
      author         = "Osipenko, M. and others",
      title          = "{Measurement of unpolarized semi-inclusive pi+
                        electroproduction off the proton}",
      collaboration  = "CLAS Collaboration",
      journal        = "Phys.Rev.",
      volume         = "D80",
      pages          = "032004",
      doi            = "10.1103/PhysRevD.80.032004",
      year           = "2009",
      eprint         = "0809.1153",
      archivePrefix  = "arXiv",
      primaryClass   = "hep-ex",
      reportNumber   = "JLAB-PHY-08-872",
      SLACcitation   = "%%CITATION = ARXIV:0809.1153;%%",
}



@article{Airapetian:2006rx,
      author         = "Airapetian, A. and others",
      title          = "{Beam-Spin Asymmetries in the Azimuthal Distribution of
                        Pion Electroproduction}",
      collaboration  = "HERMES Collaboration",
      journal        = "Phys.Lett.",
      volume         = "B648",
      pages          = "164-170",
      doi            = "10.1016/j.physletb.2007.03.015",
      year           = "2007",
      eprint         = "hep-ex/0612059",
      archivePrefix  = "arXiv",
      primaryClass   = "hep-ex",
      reportNumber   = "DESY-06-227",
      SLACcitation   = "%%CITATION = HEP-EX/0612059;%%",
}


@article{Aubert:1983cz,
      author         = "Aubert, J. J. and others",
      title          = "{Measurement of Hadronic Azimuthal Distributions in Deep
                        Inelastic Muon Proton Scattering}",
      collaboration  = "European Muon",
      journal        = "Phys. Lett.",
      volume         = "130B",
      year           = "1983",
      pages          = "118-122",
      doi            = "10.1016/0370-2693(83)91076-6",
      reportNumber   = "CERN-EP/83-87",
      SLACcitation   = "%%CITATION = PHLTA,130B,118;%%"
}


@article{Cahn:1978se,
      author         = "Cahn, Robert N.",
      title          = "{Azimuthal Dependence in Leptoproduction: A Simple Parton
                        Model Calculation}",
      journal        = "Phys.Lett.",
      volume         = "B78",
      pages          = "269",
      doi            = "10.1016/0370-2693(78)90020-5",
      year           = "1978",
      reportNumber   = "UM HE 78-22",
      SLACcitation   = "%%CITATION = PHLTA,B78,269;%%",
}



@article{Alekseev:2010dm,
      author         = "Alekseev, M.G. and Alexakhin, V. Yu. and Alexandrov, Yu.
                        and Alexeev, G.D. and Amoroso, A. and others",
      title          = "{Azimuthal asymmetries of charged hadrons produced by
                        high-energy muons scattered off longitudinally polarised
                        deuterons}",
      journal        = "Eur.Phys.J.",
      volume         = "C70",
      pages          = "39-49",
      doi            = "10.1140/epjc/s10052-010-1461-9",
      year           = "2010",
      eprint         = "1007.1562",
      archivePrefix  = "arXiv",
      primaryClass   = "hep-ex",
      reportNumber   = "CERN-PH-EP-2010-018",
      SLACcitation   = "%%CITATION = ARXIV:1007.1562;%%",
}



@article{Airapetian:2005jc,
      author         = "Airapetian, A. and others",
      title          = "{Subleading-twist effects in single-spin asymmetries in
                        semi-inclusive deep-inelastic scattering on a
                        longitudinally polarized hydrogen target}",
      collaboration  = "HERMES Collaboration",
      journal        = "Phys.Lett.",
      volume         = "B622",
      pages          = "14-22",
      doi            = "10.1016/j.physletb.2005.06.067",
      year           = "2005",
      eprint         = "hep-ex/0505042",
      archivePrefix  = "arXiv",
      primaryClass   = "hep-ex",
      reportNumber   = "DESY-05-072",
      SLACcitation   = "%%CITATION = HEP-EX/0505042;%%",
}



@article{Airapetian:2002mf,
      author         = "Airapetian, A. and others",
      title          = "{Measurement of single spin azimuthal asymmetries in
                        semiinclusive electroproduction of pions and kaons on a
                        longitudinally polarized deuterium target}",
      collaboration  = "HERMES Collaboration",
      journal        = "Phys.Lett.",
      volume         = "B562",
      pages          = "182-192",
      doi            = "10.1016/S0370-2693(03)00566-5",
      year           = "2003",
      eprint         = "hep-ex/0212039",
      archivePrefix  = "arXiv",
      primaryClass   = "hep-ex",
      reportNumber   = "DESY-02-226",
      SLACcitation   = "%%CITATION = HEP-EX/0212039;%%",
}



@article{Airapetian:2001eg,
      author         = "Airapetian, A. and others",
      title          = "{Single spin azimuthal asymmetries in electroproduction
                        of neutral pions in semiinclusive deep inelastic
                        scattering}",
      collaboration  = "HERMES Collaboration",
      journal        = "Phys.Rev.",
      volume         = "D64",
      pages          = "097101",
      doi            = "10.1103/PhysRevD.64.097101",
      year           = "2001",
      eprint         = "hep-ex/0104005",
      archivePrefix  = "arXiv",
      primaryClass   = "hep-ex",
      reportNumber   = "DESY-01-047",
      SLACcitation   = "%%CITATION = HEP-EX/0104005;%%",
}



@article{Airapetian:1999tv,
      author         = "Airapetian, A. and others",
      title          = "{Observation of a single spin azimuthal asymmetry in
                        semiinclusive pion electro production}",
      collaboration  = "HERMES Collaboration",
      journal        = "Phys.Rev.Lett.",
      volume         = "84",
      pages          = "4047-4051",
      doi            = "10.1103/PhysRevLett.84.4047",
      year           = "2000",
      eprint         = "hep-ex/9910062",
      archivePrefix  = "arXiv",
      primaryClass   = "hep-ex",
      reportNumber   = "DESY-99-149",
      SLACcitation   = "%%CITATION = HEP-EX/9910062;%%",
}




@article{Parsamyan:2010se,
      author         = "Parsamyan, Bakur",
      title          = "{Transverse spin dependent azimuthal asymmetries at
                        COMPASS}",
      journal        = "J.Phys.Conf.Ser.",
      volume         = "295",
      pages          = "012046",
      year           = "2011",
      eprint         = "1012.0155",
      archivePrefix  = "arXiv",
      primaryClass   = "hep-ex",
      SLACcitation   = "%%CITATION = ARXIV:1012.0155;%%",
}



@article{Kotzinian:2007uv,
      author         = "Kotzinian, Aram",
      title          = "{Beyond Collins and Sivers: Further measurements of the
                        target transverse spin-dependent azimuthal asymmetries in
                        semi-inclusive DIS from COMPASS}",
      collaboration  = "COMPASS collaboration",
      pages          = "647-650",
      year           = "2007",
      eprint         = "0705.2402",
      archivePrefix  = "arXiv",
      primaryClass   = "hep-ex",
      SLACcitation   = "%%CITATION = ARXIV:0705.2402;%%",
}



@article{Aghasyan:2011ha,
      author         = "Aghasyan, M. and Avakian, H. and Rossi, P. and De
                        Sanctis, E. and Hasch, D. and others",
      title          = "{Precise Measurements of Beam Spin Asymmetries in
                        Semi-Inclusive $\pi^0$ production}",
      journal        = "Phys.Lett.",
      volume         = "B704",
      pages          = "397-402",
      doi            = "10.1016/j.physletb.2011.09.044",
      year           = "2011",
      eprint         = "1106.2293",
      archivePrefix  = "arXiv",
      primaryClass   = "hep-ex",
      reportNumber   = "JLAB-PHY-11-1361",
      SLACcitation   = "%%CITATION = ARXIV:1106.2293;%%",
}



@article{Gohn:2009zz,
      author         = "Gohn, W. and Avakian, H. and Joo, K. and Ungaro, M.",
      title          = "{Beam spin asymmetries from semi-inclusive pion
                        electroproduction in deep inelastic scattering}",
      journal        = "AIP Conf.Proc.",
      volume         = "1149",
      pages          = "461-464",
      doi            = "10.1063/1.3215689",
      year           = "2009",
      reportNumber   = "JLAB-PHY-09-1060",
      SLACcitation   = "%%CITATION = APCPC,1149,461;%%",
}



@article{Avakian:2003pk,
      author         = "Avakian, H. and others",
      title          = "{Measurement of beam-spin asymmetries for pi +
                        electroproduction above the baryon resonance region}",
      collaboration  = "CLAS Collaboration",
      journal        = "Phys.Rev.",
      volume         = "D69",
      pages          = "112004",
      doi            = "10.1103/PhysRevD.69.112004",
      year           = "2004",
      eprint         = "hep-ex/0301005",
      archivePrefix  = "arXiv",
      primaryClass   = "hep-ex",
      reportNumber   = "JLAB-PHY-02-69",
      SLACcitation   = "%%CITATION = HEP-EX/0301005;%%",
}




@article{Anselmino:2011ch,
      author         = "Anselmino, M. and Boglione, M. and D'Alesio, U. and
                        Melis, S. and Murgia, F. and others",
      title          = "{General Helicity Formalism for Polarized Semi-Inclusive
                        Deep Inelastic Scattering}",
      journal        = "Phys.Rev.",
      volume         = "D83",
      pages          = "114019",
      doi            = "10.1103/PhysRevD.83.114019",
      year           = "2011",
      eprint         = "1101.1011",
      archivePrefix  = "arXiv",
      primaryClass   = "hep-ph",
      reportNumber   = "JLAB-THY-11-3",
      SLACcitation   = "%%CITATION = ARXIV:1101.1011;%%",
}




@article{Efremov:2002qh,
      author         = "Efremov, A.V. and Schweitzer, P.",
      title          = "{The Chirally odd twist 3 distribution e(a)(x)}",
      journal        = "JHEP",
      volume         = "0308",
      pages          = "006",
      year           = "2003",
      eprint         = "hep-ph/0212044",
      archivePrefix  = "arXiv",
      primaryClass   = "hep-ph",
      SLACcitation   = "%%CITATION = HEP-PH/0212044;%%",
}




@article{Bass:2003vp,
      author         = "Bass, Steven D.",
      title          = "{Fixed poles, polarized glue and nucleon spin structure}",
      journal        = "Acta Phys.Polon.",
      volume         = "B34",
      pages          = "5893-5926",
      year           = "2003",
      eprint         = "hep-ph/0311174",
      archivePrefix  = "arXiv",
      primaryClass   = "hep-ph",
      SLACcitation   = "%%CITATION = HEP-PH/0311174;%%",
}



@article{Burkardt:2001iy,
      author         = "Burkardt, Matthias and Koike, Yuji",
      title          = "{Violation of sum rules for twist three parton
                        distributions in QCD}",
      journal        = "Nucl.Phys.",
      volume         = "B632",
      pages          = "311-329",
      doi            = "10.1016/S0550-3213(02)00263-8",
      year           = "2002",
      eprint         = "hep-ph/0111343",
      archivePrefix  = "arXiv",
      primaryClass   = "hep-ph",
      SLACcitation   = "%%CITATION = HEP-PH/0111343;%%",
}



@article{Hagler:2007xi,
      author         = "Hagler, Ph. and others",
      title          = "{Nucleon Generalized Parton Distributions from Full
                        Lattice QCD}",
      collaboration  = "LHPC Collaborations",
      journal        = "Phys.Rev.",
      volume         = "D77",
      pages          = "094502",
      doi            = "10.1103/PhysRevD.77.094502",
      year           = "2008",
      eprint         = "0705.4295",
      archivePrefix  = "arXiv",
      primaryClass   = "hep-lat",
      reportNumber   = "DESY-07-077, JLAB-THY-07-651, TUM-T39-07-09",
      SLACcitation   = "%%CITATION = ARXIV:0705.4295;%%",
}



@article{Harindranath:1997qn,
      author         = "Harindranath, A. and Zhang, Wei-Min",
      title          = "{Examination of Wandzura-Wilczek relation for g2 (x,
                        q**2) in pQCD}",
      journal        = "Phys.Lett.",
      volume         = "B408",
      pages          = "347-356",
      doi            = "10.1016/S0370-2693(97)00771-5",
      year           = "1997",
      eprint         = "hep-ph/9706419",
      archivePrefix  = "arXiv",
      primaryClass   = "hep-ph",
      SLACcitation   = "%%CITATION = HEP-PH/9706419;%%",
}



@article{Mukherjee:2009uy,
      author         = "Mukherjee, Asmita",
      title          = "{Twist Three Distribution e(x): Sum Rules and Equation of
                        Motion Relations}",
      journal        = "Phys.Lett.",
      volume         = "B687",
      pages          = "180-183",
      doi            = "10.1016/j.physletb.2010.03.023",
      year           = "2010",
      eprint         = "0912.1446",
      archivePrefix  = "arXiv",
      primaryClass   = "hep-ph",
      SLACcitation   = "%%CITATION = ARXIV:0912.1446;%%",
}



@article{Meissner:2007rx,
      author         = "Meissner, S. and Metz, A. and Goeke, K.",
      title          = "{Relations between generalized and transverse momentum
                        dependent parton distributions}",
      journal        = "Phys.Rev.",
      volume         = "D76",
      pages          = "034002",
      doi            = "10.1103/PhysRevD.76.034002",
      year           = "2007",
      eprint         = "hep-ph/0703176",
      archivePrefix  = "arXiv",
      primaryClass   = "HEP-PH",
      SLACcitation   = "%%CITATION = HEP-PH/0703176;%%",
}



@article{Goeke:2003az,
      author         = "Goeke, K. and Metz, A. and Pobylitsa, P.V. and Polyakov,
                        M.V.",
      title          = "{Lorentz invariance relations among parton distributions
                        revisited}",
      journal        = "Phys.Lett.",
      volume         = "B567",
      pages          = "27-30",
      doi            = "10.1016/S0370-2693(03)00870-0",
      year           = "2003",
      eprint         = "hep-ph/0302028",
      archivePrefix  = "arXiv",
      primaryClass   = "hep-ph",
      SLACcitation   = "%%CITATION = HEP-PH/0302028;%%",
}




@article{Schlegel:2004rg,
      author         = "Schlegel, M. and Metz, A.",
      title          = "{On the validity of Lorentz invariance relations between
                        parton distributions}",
      year           = "2004",
      eprint         = "hep-ph/0406289",
      archivePrefix  = "arXiv",
      primaryClass   = "hep-ph",
      SLACcitation   = "%%CITATION = HEP-PH/0406289;%%",
}



@article{Kundu:2001pk,
      author         = "Kundu, R. and Metz, A.",
      title          = "{Higher twist and transverse momentum dependent parton
                        distributions: A Light front Hamiltonian approach}",
      journal        = "Phys.Rev.",
      volume         = "D65",
      pages          = "014009",
      doi            = "10.1103/PhysRevD.65.014009",
      year           = "2002",
      eprint         = "hep-ph/0107073",
      archivePrefix  = "arXiv",
      primaryClass   = "hep-ph",
      SLACcitation   = "%%CITATION = HEP-PH/0107073;%%",
}



@article{Tangerman:1994bb,
      author         = "Tangerman, R.D. and Mulders, P.J.",
      title          = "{Polarized twist - three distributions g(T) and h(L) and
                        the role of intrinsic transverse momentum}",
      year           = "1994",
      eprint         = "hep-ph/9408305",
      archivePrefix  = "arXiv",
      primaryClass   = "hep-ph",
      reportNumber   = "NIKHEF-94-P7",
      SLACcitation   = "%%CITATION = HEP-PH/9408305;%%",
}



@article{Koike:2008du,
      author         = "Koike, Yuji and Tanaka, Kazuhiro and Yoshida, Shinsuke",
      title          = "{Drell-Yan double-spin asymmetry A(LT) in polarized p
                        anti-p collisions: Wandzura-Wilczek contribution}",
      journal        = "Phys.Lett.",
      volume         = "B668",
      pages          = "286-292",
      doi            = "10.1016/j.physletb.2008.08.049",
      year           = "2008",
      eprint         = "0805.2289",
      archivePrefix  = "arXiv",
      primaryClass   = "hep-ph",
      SLACcitation   = "%%CITATION = ARXIV:0805.2289;%%",
}

@article{Zavada:1996kp,
      author         = "Zavada, Petr",
      title          = "{The Structure functions and parton momenta distribution
                        in the hadron rest system}",
      journal        = "Phys.Rev.",
      volume         = "D55",
      pages          = "4290-4299",
      doi            = "10.1103/PhysRevD.55.4290",
      year           = "1997",
      eprint         = "hep-ph/9609372",
      archivePrefix  = "arXiv",
      primaryClass   = "hep-ph",
      SLACcitation   = "%%CITATION = HEP-PH/9609372;%%",
}




@article{Pasquini:2008ax,
      author         = "Pasquini, B. and Cazzaniga, S. and Boffi, S.",
      title          = "{Transverse momentum dependent parton distributions in a
                        light-cone quark model}",
      journal        = "Phys.Rev.",
      volume         = "D78",
      pages          = "034025",
      doi            = "10.1103/PhysRevD.78.034025",
      year           = "2008",
      eprint         = "0806.2298",
      archivePrefix  = "arXiv",
      primaryClass   = "hep-ph",
      SLACcitation   = "%%CITATION = ARXIV:0806.2298;%%",
}




@article{Lorce:2011dv,
      author         = "Lorce, Cedric and Pasquini, Barbara and Vanderhaeghen,
                        Marc",
      title          = "{Unified framework for generalized and
                        transverse-momentum dependent parton distributions within
                        a 3Q light-cone picture of the nucleon}",
      journal        = "JHEP",
      volume         = "1105",
      pages          = "041",
      doi            = "10.1007/JHEP05(2011)041",
      year           = "2011",
      eprint         = "1102.4704",
      archivePrefix  = "arXiv",
      primaryClass   = "hep-ph",
      SLACcitation   = "%%CITATION = ARXIV:1102.4704;%%",
}




@article{Wakamatsu:2000ex,
      author         = "Wakamatsu, M.",
      title          = "{Polarized structure functions g(2)(x) in the chiral
                        quark soliton model}",
      journal        = "Phys.Lett.",
      volume         = "B487",
      pages          = "118-124",
      doi            = "10.1016/S0370-2693(00)00790-5",
      year           = "2000",
      eprint         = "hep-ph/0006212",
      archivePrefix  = "arXiv",
      primaryClass   = "hep-ph",
      reportNumber   = "OU-HEP-352",
      SLACcitation   = "%%CITATION = HEP-PH/0006212;%%",
}




@article{Jakob:1997wg,
      author         = "Jakob, R. and Mulders, P.J. and Rodrigues, J.",
      title          = "{Modeling quark distribution and fragmentation
                        functions}",
      journal        = "Nucl.Phys.",
      volume         = "A626",
      pages          = "937-965",
      doi            = "10.1016/S0375-9474(97)00588-5",
      year           = "1997",
      eprint         = "hep-ph/9704335",
      archivePrefix  = "arXiv",
      primaryClass   = "hep-ph",
      reportNumber   = "NIKHEF-97-018, VUTH-97-7",
      SLACcitation   = "%%CITATION = HEP-PH/9704335;%%",
}



@article{Avakian:2010br,
      author         = "Avakian, H. and Efremov, A.V. and Schweitzer, P. and
                        Yuan, F.",
      title          = "{The transverse momentum dependent distribution functions
                        in the bag model}",
      journal        = "Phys.Rev.",
      volume         = "D81",
      pages          = "074035",
      doi            = "10.1103/PhysRevD.81.074035",
      year           = "2010",
      eprint         = "1001.5467",
      archivePrefix  = "arXiv",
      primaryClass   = "hep-ph",
      reportNumber   = "JLAB-PHY-10-1154",
      SLACcitation   = "%%CITATION = ARXIV:1001.5467;%%",
}



@article{Shuryak:1981ff,
      author         = "Shuryak, Edward V.",
      title          = "{The Role of Instantons in Quantum Chromodynamics. 1.
                        Physical Vacuum}",
      journal        = "Nucl.Phys.",
      volume         = "B203",
      pages          = "93",
      doi            = "10.1016/0550-3213(82)90478-3",
      year           = "1982",
      reportNumber   = "IYF 81-118",
      SLACcitation   = "%%CITATION = NUPHA,B203,93;%%",
}



@article{Signal:1996ct,
      author         = "Signal, A.I.",
      title          = "{Calculations of higher twist distribution functions in
                        the MIT bag model}",
      journal        = "Nucl.Phys.",
      volume         = "B497",
      pages          = "415-434",
      doi            = "10.1016/S0550-3213(97)00231-9",
      year           = "1997",
      eprint         = "hep-ph/9610480",
      archivePrefix  = "arXiv",
      primaryClass   = "hep-ph",
      SLACcitation   = "%%CITATION = HEP-PH/9610480;%%",
}


@article{Stratmann:1993aw,
      author         = "Stratmann, M.",
      title          = "{Bag model predictions for polarized structure functions
                        and their Q**2 evolutions}",
      journal        = "Z.Phys.",
      volume         = "C60",
      pages          = "763-772",
      doi            = "10.1007/BF01558408",
      year           = "1993",
      reportNumber   = "DO-TH-93-06",
      SLACcitation   = "%%CITATION = ZEPYA,C60,763;%%",
}


@article{Diakonov:1995qy,
      author         = "Diakonov, Dmitri and Polyakov, Maxim V. and Weiss, C.",
      title          = "{Hadronic matrix elements of gluon operators in the
                        instanton vacuum}",
      journal        = "Nucl.Phys.",
      volume         = "B461",
      pages          = "539-580",
      doi            = "10.1016/0550-3213(95)00675-3",
      year           = "1996",
      eprint         = "hep-ph/9510232",
      archivePrefix  = "arXiv",
      primaryClass   = "hep-ph",
      reportNumber   = "RUB-TPII-27-95, PNPI-TH-2076",
      SLACcitation   = "%%CITATION = HEP-PH/9510232;%%",
}



@article{Diakonov:1983hh,
      author         = "Diakonov, Dmitri and Petrov, V. Yu.",
      title          = "{Instanton Based Vacuum from Feynman Variational
                        Principle}",
      journal        = "Nucl.Phys.",
      volume         = "B245",
      pages          = "259",
      doi            = "10.1016/0550-3213(84)90432-2",
      year           = "1984",
      reportNumber   = "LENINGRAD-83-900",
      SLACcitation   = "%%CITATION = NUPHA,B245,259;%%",
}


@article{Jaffe:1996zw,
      author         = "Jaffe, Robert L.",
      title          = "{Spin, twist and hadron structure in deep inelastic
                        processes}",
      year           = "1996",
      eprint         = "hep-ph/9602236",
      archivePrefix  = "arXiv",
      primaryClass   = "hep-ph",
      reportNumber   = "MIT-CTP-2506, C95-08-03",
      SLACcitation   = "%%CITATION = HEP-PH/9602236;%%",
}


@article{Teckentrup:2009tk,
      author         = "Teckentrup, T. and Metz, A. and Schweitzer, P.",
      title          = "{Lorentz invariance relations and Wandzura-Wilczek
                        approximation}",
      journal        = "Mod.Phys.Lett.",
      volume         = "A24",
      pages          = "2950-2959",
      doi            = "10.1142/S0217732309001169",
      year           = "2009",
      eprint         = "0910.2567",
      archivePrefix  = "arXiv",
      primaryClass   = "hep-ph",
      SLACcitation   = "%%CITATION = ARXIV:0910.2567;%%",
}



@article{Gockeler:2005vw,
      author         = "Gockeler, M. and Horsley, R. and Pleiter, D. and Rakow,
                        Paul E.L. and Schafer, A. and others",
      title          = "{Investigation of the second moment of the nucleon's g(1)
                        and g(2) structure functions in two-flavor lattice QCD}",
      journal        = "Phys.Rev.",
      volume         = "D72",
      pages          = "054507",
      doi            = "10.1103/PhysRevD.72.054507",
      year           = "2005",
      eprint         = "hep-lat/0506017",
      archivePrefix  = "arXiv",
      primaryClass   = "hep-lat",
      reportNumber   = "DESY-05-076, EDINBURGH-2005-04, MPP-2005-52",
      SLACcitation   = "%%CITATION = HEP-LAT/0506017;%%",
}


@article{Gockeler:2000ja,
      author         = "Gockeler, M. and Horsley, R. and Kurzinger, W. and
                        Oelrich, H. and Pleiter, D. and others",
      title          = "{A Lattice calculation of the nucleon's spin dependent
                        structure function g(2) revisited}",
      journal        = "Phys.Rev.",
      volume         = "D63",
      pages          = "074506",
      doi            = "10.1103/PhysRevD.63.074506",
      year           = "2001",
      eprint         = "hep-lat/0011091",
      archivePrefix  = "arXiv",
      primaryClass   = "hep-lat",
      reportNumber   = "DESY-00-168, HU-EP-00-50",
      SLACcitation   = "%%CITATION = HEP-LAT/0011091;%%",
}


@article{Dressler:1999hc,
      author         = "Dressler, B. and Polyakov, Maxim V.",
      title          = "{On the twist - three contribution to h(L) in the
                        instanton vacuum}",
      journal        = "Phys.Rev.",
      volume         = "D61",
      pages          = "097501",
      doi            = "10.1103/PhysRevD.61.097501",
      year           = "2000",
      eprint         = "hep-ph/9912376",
      archivePrefix  = "arXiv",
      primaryClass   = "hep-ph",
      SLACcitation   = "%%CITATION = HEP-PH/9912376;%%",
}


@article{Balla:1997hf,
      author         = "Balla, J. and Polyakov, Maxim V. and Weiss, C.",
      title          = "{Nucleon matrix elements of higher twist operators from
                        the instanton vacuum}",
      journal        = "Nucl.Phys.",
      volume         = "B510",
      pages          = "327-364",
      doi            = "10.1016/S0550-3213(98)00638-5",
      year           = "1998",
      eprint         = "hep-ph/9707515",
      archivePrefix  = "arXiv",
      primaryClass   = "hep-ph",
      reportNumber   = "RUB-TPII-6-97",
      SLACcitation   = "%%CITATION = HEP-PH/9707515;%%",
}


@article{Jaffe:1989xx,
      author         = "Jaffe, R.L.",
      title          = "{G(2): The Nucleon's Other Spin Dependent Structure
                        Function}",
      journal        = "Comments Nucl.Part.Phys.",
      volume         = "19",
      pages          = "239",
      year           = "1990",
      reportNumber   = "MIT-CTP-1798",
      SLACcitation   = "%%CITATION = CNPPA,19,239;%%",
}


@article{Jaffe:1991ra,
      author         = "Jaffe, R.L. and Ji, Xiang-Dong",
      title          = "{Chiral odd parton distributions and Drell-Yan
                        processes}",
      journal        = "Nucl.Phys.",
      volume         = "B375",
      pages          = "527-560",
      doi            = "10.1016/0550-3213(92)90110-W",
      year           = "1992",
      reportNumber   = "MIT-CTP-2005",
      SLACcitation   = "%%CITATION = NUPHA,B375,527;%%",
}



@article{Burkardt:2009rf,
      author         = "Burkardt, Matthias",
      title          = "{The g(2) Structure Function}",
      journal        = "AIP Conf.Proc.",
      volume         = "1155",
      pages          = "26-34",
      doi            = "10.1063/1.3203298",
      year           = "2009",
      eprint         = "0905.4079",
      archivePrefix  = "arXiv",
      primaryClass   = "hep-ph",
      reportNumber   = "JLAB-THY-09-986",
      SLACcitation   = "%%CITATION = ARXIV:0905.4079;%%",
}


@article{Burkardt:2007rv,
      author         = "Burkardt, Matthias",
      title          = "{Spin-orbit correlations and single-spin asymmetries}",
      year           = "2007",
      eprint         = "0709.2966",
      archivePrefix  = "arXiv",
      primaryClass   = "hep-ph",
      SLACcitation   = "%%CITATION = ARXIV:0709.2966;%%",
}


@article{Miller:2007ae,
      author         = "Miller, Gerald A.",
      title          = "{Densities, Parton Distributions, and Measuring the
                        Non-Spherical Shape of the Nucleon}",
      journal        = "Phys.Rev.",
      volume         = "C76",
      pages          = "065209",
      doi            = "10.1103/PhysRevC.76.065209",
      year           = "2007",
      eprint         = "0708.2297",
      archivePrefix  = "arXiv",
      primaryClass   = "nucl-th",
      reportNumber   = "NT@UW-07-10",
      SLACcitation   = "%%CITATION = ARXIV:0708.2297;%%",
}



@Article{Taylor,
     author    = "Taylor, John R.",
     title     = "{Scattering Theory}",
     journal   = "",
     volume    = "",
     year      = "1983",
     pages     = "",
     eprint    = "",
     archivePrefix = "",
     doi       = "",
     SLACcitation  = ""
}


@Article{Diehl:2005pc,
     author    = "Diehl, M. and Sapeta, S.",
     title     = "{On the analysis of lepton scattering on longitudinally or
                  transversely  polarized protons}",
     journal   = "Eur. Phys. J.",
     volume    = "C41",
     year      = "2005",
     pages     = "515-533",
     eprint    = "hep-ph/0503023",
     archivePrefix = "arXiv",
     doi       = "10.1140/epjc/s2005-02242-9",
     SLACcitation  = "%%CITATION = HEP-PH/0503023;%%"
}


@Article{Boer:1997nt,
     author    = "Boer, Daniel and Mulders, P. J.",
     title     = "{Time-reversal odd distribution functions in
                  leptoproduction}",
     journal   = "Phys. Rev.",
     volume    = "D57",
     year      = "1998",
     pages     = "5780-5786",
     eprint    = "hep-ph/9711485",
     archivePrefix = "arXiv",
     doi       = "10.1103/PhysRevD.57.5780",
     SLACcitation  = "%%CITATION = HEP-PH/9711485;%%"
}


@Article{Bacchetta:1999kz,
     author    = "Bacchetta, A. and Boglione, Mariaelena and Henneman, A. and
                  Mulders, P. J.",
     title     = "{Bounds on transverse momentum dependent distribution and
                  fragmentation  functions}",
     journal   = "Phys. Rev. Lett.",
     volume    = "85",
     year      = "2000",
     pages     = "712-715",
     eprint    = "hep-ph/9912490",
     archivePrefix = "arXiv",
     doi       = "10.1103/PhysRevLett.85.712",
     SLACcitation  = "%%CITATION = HEP-PH/9912490;%%"
}


@Article{Sivers:1990fh,
     author    = "Sivers, Dennis W.",
     title     = "Hard scattering scaling laws for single spin production
                  asymmetries",
     journal   = "Phys. Rev.",
     volume    = "D43",
     year      = "1991",
     pages     = "261-263",
     SLACcitation  = "%%CITATION = PHRVA,D43,261;%%"
}

@Article{Sivers:1989cc,
     author    = "Sivers, Dennis W.",
     title     = "SINGLE SPIN PRODUCTION ASYMMETRIES FROM THE HARD SCATTERING
                  OF POINT - LIKE CONSTITUENTS",
     journal   = "Phys. Rev.",
     volume    = "D41",
     year      = "1990",
     pages     = "83",
     SLACcitation  = "%%CITATION = PHRVA,D41,83;%%"
}


@article{Avakian:2010ae,
      author         = "Avakian, H. and others",
      title          = "{Measurement of Single and Double Spin Asymmetries in
                        Deep Inelastic Pion Electroproduction with a
                        Longitudinally Polarized Target}",
      collaboration  = "CLAS",
      journal        = "Phys. Rev. Lett.",
      volume         = "105",
      year           = "2010",
      pages          = "262002",
      doi            = "10.1103/PhysRevLett.105.262002",
      eprint         = "1003.4549",
      archivePrefix  = "arXiv",
      primaryClass   = "hep-ex",
      reportNumber   = "JLAB-PHY-10-1157",
      SLACcitation   = "%%CITATION = ARXIV:1003.4549;%%"
}


@Article{Hagler:2003is,
     author    = "LHPC and others",
 collaboration = "LHPC",
     title     = "{Transverse structure of nucleon parton distributions from
                  lattice QCD}",
     journal   = "Phys. Rev. Lett.",
     volume    = "93",
     year      = "2004",
     pages     = "112001",
     eprint    = "hep-lat/0312014",
     archivePrefix = "arXiv",
     doi       = "10.1103/PhysRevLett.93.112001",
     SLACcitation  = "%%CITATION = HEP-LAT/0312014;%%"
}


@Article{Mulders:1995dh,
     author    = "Mulders, P. J. and Tangerman, R. D.",
     title     = "{The complete tree-level result up to order 1/Q for
                  polarized  deep-inelastic leptoproduction}",
     journal   = "Nucl. Phys.",
     volume    = "B461",
     year      = "1996",
     pages     = "197-237",
     eprint    = "hep-ph/9510301",
     archivePrefix = "arXiv",
     doi       = "10.1016/0550-3213(95)00632-X",
     SLACcitation  = "%%CITATION = HEP-PH/9510301;%%"
}



@Article{Goeke:2005hb,
     author    = "Goeke, K. and Metz, A. and Schlegel, M.",
     title     = "{Parameterization of the quark-quark correlator of a spin-
                  1/2 hadron}",
     journal   = "Phys. Lett.",
     volume    = "B618",
     year      = "2005",
     pages     = "90-96",
     eprint    = "hep-ph/0504130",
     archivePrefix = "arXiv",
     doi       = "10.1016/j.physletb.2005.05.037",
     SLACcitation  = "%%CITATION = HEP-PH/0504130;%%"
}



@Article{Anselmino:2006yc,
     author    = "Anselmino, M. and Efremov, A. and Kotzinian, A. and
                  Parsamyan, B.",
     title     = "{Transverse momentum dependence of the quark helicity
                  distributions and the Cahn effect in double-spin asymmetry
                  A(LL) in semi inclusive DIS}",
     journal   = "Phys. Rev.",
     volume    = "D74",
     year      = "2006",
     pages     = "074015",
     eprint    = "hep-ph/0608048",
     archivePrefix = "arXiv",
     doi       = "10.1103/PhysRevD.74.074015",
     SLACcitation  = "%%CITATION = HEP-PH/0608048;%%"
}


@Article{Kotzinian:1997wt,
     author    = "Kotzinian, A. M. and Mulders, P. J.",
     title     = "{Probing transverse quark polarization via azimuthal
                  asymmetries in  leptoproduction}",
     journal   = "Phys. Lett.",
     volume    = "B406",
     year      = "1997",
     pages     = "373-380",
     eprint    = "hep-ph/9701330",
     archivePrefix = "arXiv",
     doi       = "10.1016/S0370-2693(97)00708-9",
     SLACcitation  = "%%CITATION = HEP-PH/9701330;%%"
}

@Article{Kotzinian:1995cz,
     author    = "Kotzinian, A. M. and Mulders, P. J.",
     title     = "{Longitudinal quark polarization in transversely polarized
                  nucleons}",
     journal   = "Phys. Rev.",
     volume    = "D54",
     year      = "1996",
     pages     = "1229-1232",
     eprint    = "hep-ph/9511420",
     archivePrefix = "arXiv",
     doi       = "10.1103/PhysRevD.54.1229",
     SLACcitation  = "%%CITATION = HEP-PH/9511420;%%"
}


@Article{Hagler:2009mb,
     author    = "Hagler, Ph. and Musch, B. U. and Negele, J. W. and Schafer,
                  A.",
     title     = "{Intrinsic quark transverse momentum in the nucleon from
                  lattice QCD}",
     journal   = "Europhys. Lett.",
     volume    = "88",
     year      = "2009",
     pages     = "61001",
     eprint    = "0908.1283",
     archivePrefix = "arXiv",
     primaryClass  =  "hep-lat",
     doi       = "10.1209/0295-5075/88/61001",
     SLACcitation  = "%%CITATION = 0908.1283;%%"
}



@Article{Anselmino:2005nn,
     author    = "Anselmino, M. and others",
     title     = "{The role of Cahn and Sivers effects in deep inelastic
                  scattering}",
     journal   = "Phys. Rev.",
     volume    = "D71",
     year      = "2005",
     pages     = "074006",
     eprint    = "hep-ph/0501196",
     archivePrefix = "arXiv",
     doi       = "10.1103/PhysRevD.71.074006",
     SLACcitation  = "%%CITATION = HEP-PH/0501196;%%"
}



@Article{Anthony:2002hy,
     author    = "Anthony, P. L. and others",
 collaboration = "E155",
     title     = "{Precision measurement of the proton and deuteron spin
                  structure  functions g2 and asymmetries A(2)}",
     journal   = "Phys. Lett.",
     volume    = "B553",
     year      = "2003",
     pages     = "18-24",
     eprint    = "hep-ex/0204028",
     archivePrefix = "arXiv",
     doi       = "10.1016/S0370-2693(02)03015-0",
     SLACcitation  = "%%CITATION = HEP-EX/0204028;%%"
}


@Article{Abe:1998wq,
     author    = "Abe, K. and others",
 collaboration = "E143",
     title     = "{Measurements of the proton and deuteron spin structure
                  functions g1  and g2}",
     journal   = "Phys. Rev.",
     volume    = "D58",
     year      = "1998",
     pages     = "112003",
     eprint    = "hep-ph/9802357",
     archivePrefix = "arXiv",
     doi       = "10.1103/PhysRevD.58.112003",
     SLACcitation  = "%%CITATION = HEP-PH/9802357;%%"
}



@Article{Bacchetta:2006tn,
     author    = "Bacchetta, Alessandro and others",
     title     = "{Semi-inclusive deep inelastic scattering at small
                  transverse momentum}",
     journal   = "JHEP",
     volume    = "02",
     year      = "2007",
     pages     = "093",
     eprint    = "hep-ph/0611265",
     SLACcitation  = "%%CITATION = HEP-PH/0611265;%%"
}


@Article{Kotzinian:2006dw,
     author    = "Kotzinian, A. and Parsamyan, B. and Prokudin, A.",
     title     = "{Predictions for double spin asymmetry A(LT) in semi
                  inclusive DIS}",
     journal   = "Phys. Rev.",
     volume    = "D73",
     year      = "2006",
     pages     = "114017",
     eprint    = "hep-ph/0603194",
     archivePrefix = "arXiv",
     doi       = "10.1103/PhysRevD.73.114017",
     SLACcitation  = "%%CITATION = HEP-PH/0603194;%%"
}

@inproceedings{Kotzinian:2008fe,
      author         = "Kotzinian, Aram",
      title          = "{SIDIS Asymmetries in Quark-Diquark Model}",
      booktitle      = "{Transversity 2008: 2nd International Workshop on
                        Transverse Polarization Phenomena in Hard Processes
                        Ferrara, Italy, May 28-31, 2008}",
      url            = "https://inspirehep.net/record/788980/files/arXiv:0806.3804.pdf",
      year           = "2008",
      doi            = "10.1142/9789814277785_0029",
      eprint         = "0806.3804",
      archivePrefix  = "arXiv",
      primaryClass   = "hep-ph",
      SLACcitation   = "%%CITATION = ARXIV:0806.3804;%%"
}

@article{Boffi:2009sh,
      author         = "Boffi, S. and Efremov, A. V. and Pasquini, B. and
                        Schweitzer, P.",
      title          = "{Azimuthal spin asymmetries in light-cone constituent
                        quark models}",
      journal        = "Phys. Rev.",
      volume         = "D79",
      year           = "2009",
      pages          = "094012",
      doi            = "10.1103/PhysRevD.79.094012",
      eprint         = "0903.1271",
      archivePrefix  = "arXiv",
      primaryClass   = "hep-ph",
      SLACcitation   = "%%CITATION = ARXIV:0903.1271;%%"
}

@Article{Wandzura:1977qf,
     author    = "Wandzura, S. and Wilczek, Frank",
     title     = "{Sum Rules for Spin Dependent Electroproduction: Test of
                  Relativistic Constituent Quarks}",
     journal   = "Phys. Lett.",
     volume    = "B72",
     year      = "1977",
     pages     = "195",
     doi       = "10.1016/0370-2693(77)90700-6",
     SLACcitation  = "%%CITATION = PHLTA,B72,195;%%"
}


@Article{Avakian:2007mv,
     author    = "Avakian, H. and others",
     title     = "{Are there approximate relations among transverse momentum
                  dependent distribution functions?}",
     journal   = "Phys. Rev.",
     volume    = "D77",
     year      = "2008",
     pages     = "014023",
     eprint    = "0709.3253",
     archivePrefix = "arXiv",
     primaryClass  =  "hep-ph",
     doi       = "10.1103/PhysRevD.77.014023",
     SLACcitation  = "%%CITATION = 0709.3253;%%"
}

@Article{Metz:2008ib,
     author    = "Metz, A. and Schweitzer, P. and Teckentrup, T.",
     title     = "{Lorentz invariance relations between parton distributions
                  and the Wandzura-Wilczek approximation}",
     journal   = "Phys. Lett.",
     volume    = "B680",
     year      = "2009",
     pages     = "141-147",
     eprint    = "0810.5212",
     archivePrefix = "arXiv",
     primaryClass  =  "hep-ph",
     doi       = "10.1016/j.physletb.2009.08.052",
     SLACcitation  = "%%CITATION = 0810.5212;%%"
}



@Article{Accardi:2009au,
     author    = "Accardi, Alberto and Bacchetta, Alessandro and Melnitchouk,
                  W. and Schlegel, Marc",
     title     = "{What can break the Wandzura--Wilczek relation?}",
     journal   = "JHEP",
     volume    = "11",
     year      = "2009",
     pages     = "093",
     eprint    = "0907.2942",
     archivePrefix = "arXiv",
     primaryClass  =  "hep-ph",
     doi       = "10.1088/1126-6708/2009/11/093",
     SLACcitation  = "%%CITATION = 0907.2942;%%"
}

@Article{Hagler:2003jd,
     author    = "Hagler, Philipp and others",
 collaboration = "LHPC",
     title     = "{Moments of nucleon generalized parton distributions in
                  lattice QCD}",
     journal   = "Phys. Rev.",
     volume    = "D68",
     year      = "2003",
     pages     = "034505",
     eprint    = "hep-lat/0304018",
     archivePrefix = "arXiv",
     doi       = "10.1103/PhysRevD.68.034505",
     SLACcitation  = "%%CITATION = HEP-LAT/0304018;%%"
}

@Article{Gockeler:2005cj,
     author    = "Gockeler, M. and others",
 collaboration = "QCDSF",
     title     = "{Quark helicity flip generalized parton distributions from
                  two-flavor  lattice QCD}",
     journal   = "Phys. Lett.",
     volume    = "B627",
     year      = "2005",
     pages     = "113-123",
     eprint    = "hep-lat/0507001",
     archivePrefix = "arXiv",
     doi       = "10.1016/j.physletb.2005.09.002",
     SLACcitation  = "%%CITATION = HEP-LAT/0507001;%%"
}




@Article{Efremov:2009ze,
     author    = "Efremov, A. V. and Schweitzer, P. and Teryaev, O. V. and
                  Zavada, P.",
     title     = "{Transverse momentum dependent distribution functions in a
                  covariant parton model approach with quark orbital
                  motion}",
     journal   = "Phys. Rev.",
     volume    = "D80",
     year      = "2009",
     pages     = "014021",
     eprint    = "0903.3490",
     archivePrefix = "arXiv",
     primaryClass  =  "hep-ph",
     doi       = "10.1103/PhysRevD.80.014021",
     SLACcitation  = "%%CITATION = 0903.3490;%%"
}

@Article{Anselmino:2008jk,
     author    = "Anselmino, M. and others",
     title     = "{Update on transversity and Collins functions from SIDIS
                  and e+ e- data}",
     journal   = "Nucl. Phys. Proc. Suppl.",
     volume    = "191",
     year      = "2009",
     pages     = "98-107",
     eprint    = "0812.4366",
     archivePrefix = "arXiv",
     primaryClass  =  "hep-ph",
     doi       = "10.1016/j.nuclphysbps.2009.03.117",
     SLACcitation  = "%%CITATION = 0812.4366;%%"
}

@Article{Anselmino:2007fs,
     author    = "Anselmino, M. and others",
     title     = "{Transversity and Collins functions from SIDIS and e+ e-
                  data}",
     journal   = "Phys. Rev.",
     volume    = "D75",
     year      = "2007",
     pages     = "054032",
     eprint    = "hep-ph/0701006",
     archivePrefix = "arXiv",
     doi       = "10.1103/PhysRevD.75.054032",
     SLACcitation  = "%%CITATION = HEP-PH/0701006;%%"
}

@Article{Gluck:2000dy,
     author    = "Gluck, M. and Reya, E. and Stratmann, M. and Vogelsang, W.
                  ",
     title     = "{Models for the polarized parton distributions of the
                  nucleon}",
     journal   = "Phys. Rev.",
     volume    = "D63",
     year      = "2001",
     pages     = "094005",
     eprint    = "hep-ph/0011215",
     archivePrefix = "arXiv",
     doi       = "10.1103/PhysRevD.63.094005",
     SLACcitation  = "%%CITATION = HEP-PH/0011215;%%"
}

@Article{Gluck:1998xa,
     author    = "Gluck, M. and Reya, E. and Vogt, A.",
     title     = "{Dynamical parton distributions revisited}",
     journal   = "Eur. Phys. J.",
     volume    = "C5",
     year      = "1998",
     pages     = "461-470",
     eprint    = "hep-ph/9806404",
     archivePrefix = "arXiv",
     doi       = "10.1007/s100520050289",
     SLACcitation  = "%%CITATION = HEP-PH/9806404;%%"
}

@Article{deFlorian:2007aj,
     author    = "de Florian, Daniel and Sassot, Rodolfo and Stratmann, Marco
                  ",
     title     = "{Global analysis of fragmentation functions for pions and
                  kaons and their uncertainties}",
     journal   = "Phys. Rev.",
     volume    = "D75",
     year      = "2007",
     pages     = "114010",
     eprint    = "hep-ph/0703242",
     archivePrefix = "arXiv",
     doi       = "10.1103/PhysRevD.75.114010",
     SLACcitation  = "%%CITATION = HEP-PH/0703242;%%"
}



@Article{Bacchetta:2008af,
     author    = "Bacchetta, Alessandro and Conti, Francesco and Radici,
                  Marco",
     title     = "{Transverse-momentum distributions in a diquark spectator
                  model}",
     journal   = "Phys. Rev.",
     volume    = "D78",
     year      = "2008",
     pages     = "074010",
     eprint    = "0807.0323",
     archivePrefix = "arXiv",
     primaryClass  =  "hep-ph",
     doi       = "10.1103/PhysRevD.78.074010",
     SLACcitation  = "%%CITATION = 0807.0323;%%"
}


@Article{Pasquini:2005dk,
     author    = "Pasquini, B. and Pincetti, M. and Boffi, S.",
     title     = "{Chiral-odd generalized parton distributions in constituent
                  quark  models}",
     journal   = "Phys. Rev.",
     volume    = "D72",
     year      = "2005",
     pages     = "094029",
     eprint    = "hep-ph/0510376",
     archivePrefix = "arXiv",
     doi       = "10.1103/PhysRevD.72.094029",
     SLACcitation  = "%%CITATION = HEP-PH/0510376;%%"
}


@Article{Schweitzer:2001sr,
     author    = "Schweitzer, P. and others",
     title     = "{Transversity distributions in the nucleon in the large-
                  N(c) limit}",
     journal   = "Phys. Rev.",
     volume    = "D64",
     year      = "2001",
     pages     = "034013",
     eprint    = "hep-ph/0101300",
     archivePrefix = "arXiv",
     doi       = "10.1103/PhysRevD.64.034013",
     SLACcitation  = "%%CITATION = HEP-PH/0101300;%%"
}


@Article{Ma:2001rm,
     author    = "Ma, Bo-Qiang and Schmidt, Ivan and Soffer, Jacques and
                  Yang, Jian-Jun",
     title     = "{Helicity and transversity distributions of nucleon and
                  Lambda hyperon  from Lambda fragmentation}",
     journal   = "Phys. Rev.",
     volume    = "D64",
     year      = "2001",
     pages     = "014017",
     eprint    = "hep-ph/0103136",
     archivePrefix = "arXiv",
     doi       = "10.1103/PhysRevD.64.014017",
     SLACcitation  = "%%CITATION = HEP-PH/0103136;%%"
}


@Article{Barone:1996un,
     author    = "Barone, V. and Calarco, T. and Drago, A.",
     title     = "{A confinement model calculation of h1(x)}",
     journal   = "Phys. Lett.",
     volume    = "B390",
     year      = "1997",
     pages     = "287-292",
     eprint    = "hep-ph/9605434",
     archivePrefix = "arXiv",
     doi       = "10.1016/S0370-2693(96)01397-4",
     SLACcitation  = "%%CITATION = HEP-PH/9605434;%%"
}


@Article{Gamberg:2001qc,
     author    = "Gamberg, Leonard P. and Goldstein, Gary R.",
     title     = "{Flavor-spin symmetry estimate of the nucleon tensor
                  charge}",
     journal   = "Phys. Rev. Lett.",
     volume    = "87",
     year      = "2001",
     pages     = "242001",
     eprint    = "hep-ph/0107176",
     archivePrefix = "arXiv",
     doi       = "10.1103/PhysRevLett.87.242001",
     SLACcitation  = "%%CITATION = HEP-PH/0107176;%%"
}


@Article{Pasquini:2005dk,
     author    = "Pasquini, B. and Pincetti, M. and Boffi, S.",
     title     = "{Chiral-odd generalized parton distributions in constituent
                  quark  models}",
     journal   = "Phys. Rev.",
     volume    = "D72",
     year      = "2005",
     pages     = "094029",
     eprint    = "hep-ph/0510376",
     archivePrefix = "arXiv",
     doi       = "10.1103/PhysRevD.72.094029",
     SLACcitation  = "%%CITATION = HEP-PH/0510376;%%"
}



@Article{He:1994gz,
     author    = "He, Han-xin and Ji, Xiang-Dong",
     title     = "{The Nucleon's tensor charge}",
     journal   = "Phys. Rev.",
     volume    = "D52",
     year      = "1995",
     pages     = "2960-2963",
     eprint    = "hep-ph/9412235",
     archivePrefix = "arXiv",
     doi       = "10.1103/PhysRevD.52.2960",
     SLACcitation  = "%%CITATION = HEP-PH/9412235;%%"
}






@Article{Wakamatsu:2007nc,
     author    = "Wakamatsu, M.",
     title     = "{Comparative analysis of the transversities and the
                  longitudinally   polarized distribution functions of the
                  nucleon}",
     journal   = "Phys. Lett.",
     volume    = "B653",
     year      = "2007",
     pages     = "398-403",
     eprint    = "0705.2917",
     archivePrefix = "arXiv",
     primaryClass  =  "hep-ph",
     doi       = "10.1016/j.physletb.2007.08.013",
     SLACcitation  = "%%CITATION = 0705.2917;%%"
}


@Article{Cloet:2007em,
     author    = "Cloet, I. C. and Bentz, Wolfgang and Thomas, Anthony
                  William",
     title     = "{Transversity quark distributions in a covariant quark-
                  diquark model}",
     journal   = "Phys. Lett.",
     volume    = "B659",
     year      = "2008",
     pages     = "214-220",
     eprint    = "0708.3246",
     archivePrefix = "arXiv",
     primaryClass  =  "hep-ph",
     doi       = "10.1016/j.physletb.2007.09.071",
     SLACcitation  = "%%CITATION = 0708.3246;%%"
}





@Article{Anselmino:2009zz,
     author    = "Anselmino, M. and others",
     title     = "{Transversity and Collins fragmentation functions: Towards
                  a new global analysis}",
     journal   = "AIP Conf. Proc.",
     volume    = "1149",
     year      = "2009",
     pages     = "465-470",
     doi       = "10.1063/1.3215690",
     SLACcitation  = "%%CITATION = APCPC,1149,465;%%"
}


@Article{prokudin_exclusive,
     journal   = "See {\rm http://conferences.jlab.org/exclusive2010/talks/Friday/prokudin\_exclusive10.pdf} for references"
}


@Article{Meng:1995yn,
     author    = "Meng, Ruibin and Olness, Fredrick I. and Soper, Davison E.
                  ",
     title     = "{Semi-Inclusive Deeply Inelastic Scattering at Small q_T}",
     journal   = "Phys. Rev.",
     volume    = "D54",
     year      = "1996",
     pages     = "1919-1935",
     eprint    = "hep-ph/9511311",
     archivePrefix = "arXiv",
     doi       = "10.1103/PhysRevD.54.1919",
     SLACcitation  = "%%CITATION = HEP-PH/9511311;%%"
}



@Article{Collins:1989gx,
     author    = "Collins, John C. and Soper, Davison E. and Sterman, George
                  F.",
     title     = "{Factorization of Hard Processes in QCD}",
     journal   = "Adv. Ser. Direct. High Energy Phys.",
     volume    = "5",
     year      = "1988",
     pages     = "1-91",
     eprint    = "hep-ph/0409313",
     archivePrefix = "arXiv",
     SLACcitation  = "%%CITATION = HEP-PH/0409313;%%"
}



@Article{Ralston:1979ys,
     author    = "Ralston, John P. and Soper, Davison E.",
     title     = "{Production of Dimuons from High-Energy Polarized Proton
                  Proton Collisions}",
     journal   = "Nucl. Phys.",
     volume    = "B152",
     year      = "1979",
     pages     = "109",
     doi       = "10.1016/0550-3213(79)90082-8",
     SLACcitation  = "%%CITATION = NUPHA,B152,109;%%"
}


@Article{Bourrely:1980mr,
     author    = "Bourrely, C. and Soffer, Jacques and Leader, E.",
     title     = "{Polarization Phenomena in Hadronic Reactions}",
     journal   = "Phys. Rept.",
     volume    = "59",
     year      = "1980",
     pages     = "95-297",
     doi       = "10.1016/0370-1573(80)90017-4",
     SLACcitation  = "%%CITATION = PRPLC,59,95;%%"
}


@Article{HERMES,
     author    = "A. López Ruiz",
     title     = "{Single-spin asymmetries in inclusive hadrons on transversely polarized protons}",
     journal   = "",
     volume    = "",
     year      = "",
     pages     = "",
     doi       = "",
     eprint    = "talk presented during XVIII International Workshop on Deep-Inelastic Scattering and Related Subjects (DIS 2010), Florence, Italy, Apr 19 - 23, 2010",
     SLACcitation  = "%%CITATION = PRPLC,59,95;%%"
}


@Article{Barone:2001sp,
     author    = "Barone, Vincenzo and Drago, Alessandro and Ratcliffe,
                  Philip G.",
     title     = "Transverse polarisation of quarks in hadrons",
     journal   = "Phys. Rept.",
     volume    = "359",
     year      = "2002",
     pages     = "1-168",
     eprint    = "hep-ph/0104283",
     SLACcitation  = "%%CITATION = HEP-PH 0104283;%%"
}

@Article{Barone:2005pu,
     author    = "Barone, Vincenzo and others",
 collaboration = "PAX",
     title     = "Antiproton proton scattering experiments with
                  polarization",
     year      = "2005",
     eprint    = "hep-ex/0505054",
     SLACcitation  = "%%CITATION = HEP-EX 0505054;%%"
}

@Article{Anselmino:2004ki,
     author    = "Anselmino, M. and Barone, V. and Drago, A. and Nikolaev, N.
                  N.",
     title     = "Accessing transversity via J/psi production in polarized
                  p(pol.)  anti-p(pol.) interactions",
     journal   = "Phys. Lett.",
     volume    = "B594",
     year      = "2004",
     pages     = "97-104",
     eprint    = "hep-ph/0403114",
     SLACcitation  = "%%CITATION = HEP-PH 0403114;%%"
}

@Article{Efremov:2004qs,
     author    = "Efremov, A. V. and Goeke, K. and Schweitzer, P.",
     title     = "Transversity distribution function in hard scattering of
                  polarized  protons and antiprotons in the PAX experiment",
     journal   = "Eur. Phys. J.",
     volume    = "C35",
     year      = "2004",
     pages     = "207-210",
     eprint    = "hep-ph/0403124",
     SLACcitation  = "%%CITATION = HEP-PH 0403124;%%"
}


@Article{Boer:1997mf,
     author    = "Boer, Daniel and Jakob, R. and Mulders, P. J.",
     title     = "Asymmetries in polarized hadron production in e+ e-
                  annihilation up to  order 1/Q",
     journal   = "Nucl. Phys.",
     volume    = "B504",
     year      = "1997",
     pages     = "345-380",
     SLACcitation  = "%%CITATION = HEP-PH 9702281;%%"
}

@Article{Airapetian:2004tw,
     author    = "Airapetian, A. and others",
 collaboration = "HERMES",
     title     = "Single-spin asymmetries in semi-inclusive deep-inelastic
                  scattering on  a transversely polarized hydrogen target",
     journal   = "Phys. Rev. Lett.",
     volume    = "94",
     year      = "2005",
     pages     = "012002",
     eprint    = "hep-ex/0408013",
     SLACcitation  = "%%CITATION = HEP-EX 0408013;%%"
}

@Article{Ageev:2006da,
     author    = "Ageev, E. S. and others",
 collaboration = "COMPASS",
     title     = "A new measurement of the Collins and Sivers asymmetries on
                  a transversely polarised deuteron target",
     year      = "2006",
     eprint    = "hep-ex/0610068",
     SLACcitation  = "%%CITATION = HEP-EX 0610068;%%"
}


@Article{Alexakhin:2005iw,
     author    = "Alexakhin, V. Yu. and others",
 collaboration = "COMPASS",
     title     = "First measurement of the transverse spin asymmetries of the
                  deuteron in  semi-inclusive deep inelastic scattering",
     journal   = "Phys. Rev. Lett.",
     volume    = "94",
     year      = "2005",
     pages     = "202002",
     eprint    = "hep-ex/0503002",
     SLACcitation  = "%%CITATION = HEP-EX 0503002;%%"
}


@Article{Abe:2005zx,
     author    = "Abe, K. and others",
 collaboration = "Belle",
     title     = "Measurement of azimuthal asymmetries in inclusive
                  production of hadron  pairs in e+ e- annihilation at
                  Belle",
     journal   = "Phys. Rev. Lett.",
     volume    = "96",
     year      = "2006",
     pages     = "232002",
     SLACcitation  = "%%CITATION = HEP-EX 0507063;%%"
}

@Article{Collins:1992kk,
     author    = "Collins, John C.",
     title     = "Fragmentation of transversely polarized quarks probed in
                  transverse  momentum distributions",
     journal   = "Nucl. Phys.",
     volume    = "B396",
     year      = "1993",
     pages     = "161-182",
     SLACcitation  = "%%CITATION = HEP-PH 9208213;%%"
}

@Article{Kretzer:2000yf,
     author    = "Kretzer, S.",
     title     = "Fragmentation functions from flavour-inclusive and flavour-
                  tagged e+ e-  annihilations",
     journal   = "Phys. Rev.",
     volume    = "D62",
     year      = "2000",
     pages     = "054001",
     eprint    = "hep-ph/0003177",
     SLACcitation  = "%%CITATION = HEP-PH 0003177;%%"
}

@Article{Kniehl:2000fe,
     author    = "Kniehl, Bernd A. and Kramer, G. and Potter, B.",
     title     = "Fragmentation functions for pions, kaons, and protons at
                  next-to-leading order",
     journal   = "Nucl. Phys.",
     volume    = "B582",
     year      = "2000",
     pages     = "514-536",
     eprint    = "hep-ph/0010289",
     SLACcitation  = "%%CITATION = HEP-PH/0010289;%%"
}

@Article{Albino:2005mv,
     author    = "Albino, S. and Kniehl, B. A. and Kramer, G.",
     title     = "Fragmentation functions for K0(S) and Lambda with complete
                  quark  flavour separation",
     journal   = "Nucl. Phys.",
     volume    = "B734",
     year      = "2006",
     pages     = "50-61",
     eprint    = "hep-ph/0510173",
     SLACcitation  = "%%CITATION = HEP-PH/0510173;%%"
}

@Article{Albino:2005me,
     author    = "Albino, S. and Kniehl, B. A. and Kramer, G.",
     title     = "Fragmentation functions for light charged hadrons with
                  complete quark  flavour separation",
     journal   = "Nucl. Phys.",
     volume    = "B725",
     year      = "2005",
     pages     = "181-206",
     eprint    = "hep-ph/0502188",
     SLACcitation  = "%%CITATION = HEP-PH/0502188;%%"
}

@Article{Soffer:1994ww,
     author    = "Soffer, Jacques",
     title     = "Positivity constraints for spin dependent parton
                  distributions",
     journal   = "Phys. Rev. Lett.",
     volume    = "74",
     year      = "1995",
     pages     = "1292-1294",
     SLACcitation  = "%%CITATION = HEP-PH 9409254;%%"
}

@Article{Martin:1997rz,
     author    = "Martin, O. and Schafer, A. and Stratmann, M. and Vogelsang,
                  W.",
     title     = "Soffer's inequality and the transversely polarized Drell-
                  Yan process at  next-to-leading order",
     journal   = "Phys. Rev.",
     volume    = "D57",
     year      = "1998",
     pages     = "3084-3090",
     SLACcitation  = "%%CITATION = HEP-PH 9710300;%%"
}

@Article{Martin:1999mg,
     author    = "Martin, O. and Schafer, A. and Stratmann, M. and Vogelsang,
                  W.",
     title     = "Tranverse double-spin asymmetries for muon pair production
                  in p p  collisions",
     journal   = "Phys. Rev.",
     volume    = "D60",
     year      = "1999",
     pages     = "117502",
     SLACcitation  = "%%CITATION = HEP-PH 9902250;%%"
}



@Article{Vogelsang:2005cs,
     author    = "Vogelsang, Werner and Yuan, Feng",
     title     = "Single-transverse spin asymmetries: From DIS to hadronic
                  collisions",
     journal   = "Phys. Rev.",
     volume    = "D72",
     year      = "2005",
     pages     = "054028",
     SLACcitation  = "%%CITATION = HEP-PH 0507266;%%"
}

@Article{Efremov:2006qm,
     author    = "Efremov, A. V. and Goeke, K. and Schweitzer, P.",
     title     = "Collins effect in semi-inclusive deeply inelastic
                  scattering and in e+  e- annihilation",
     journal   = "Phys. Rev.",
     volume    = "D73",
     year      = "2006",
     pages     = "094025",
     SLACcitation  = "%%CITATION = HEP-PH 0603054;%%"
}

@Article{Kotzinian:1994dv,
     author    = "Kotzinian, Aram",
     title     = "New quark distributions and semiinclusive electroproduction
                  on the polarized nucleons",
     journal   = "Nucl. Phys.",
     volume    = "B441",
     year      = "1995",
     pages     = "234-248",
     eprint    = "hep-ph/9412283",
     SLACcitation  = "%%CITATION = HEP-PH 9412283;%%"
}

@Article{Anselmino:2006rv,
     author    = "Anselmino, M. and Boglione, M. and Prokudin, A. and Turk,
                  C.",
     title     = "{Semi-inclusive deep inelastic scattering processes from
                  small to large P(T)}",
     journal   = "Eur. Phys. J.",
     volume    = "A31",
     year      = "2007",
     pages     = "373-381",
     eprint    = "hep-ph/0606286",
     archivePrefix = "arXiv",
     doi       = "10.1140/epja/i2007-10003-9",
     SLACcitation  = "%%CITATION = HEP-PH/0606286;%%"
}

@Article{sidis-general,
     author    = "Anselmino, M. and Boglione, M. and  D'Alesio, U. and Murgia, 
                  F and Prokudin, A.",
     title     = "General formalism for SIDIS and e^+e^- processes",
     year      = "2008",
     journal    = "in preparation",
     SLACcitation  = "%%"
}

@Article{Seidl,
     author    = "Seidl, R.",
 collaboration = "BELLE",
     title     = "",
     year      = "2006",
     journal   = "in these proceedings",
     SLACcitation  = "%%%%"
}

@Article{Bacchetta:2004jz,
     author    = "Bacchetta, Alessandro and D'Alesio, Umberto and Diehl,
                  Markus and Miller, C. Andy",
     title     = "Single-spin asymmetries: The Trento conventions",
     journal   = "Phys. Rev.",
     volume    = "D70",
     year      = "2004",
     pages     = "117504",
     eprint    = "hep-ph/0410050",
     SLACcitation  = "%%CITATION = HEP-PH 0410050;%%"
}


@Article{Martin:2001es,
     author    = "Martin, Alan D. and Roberts, R. G. and Stirling, W. J. and
                  Thorne, R. S.",
     title     = "MRST2001: Partons and alpha(s) from precise deep inelastic
                  scattering  and Tevatron jet data",
     journal   = "Eur. Phys. J.",
     volume    = "C23",
     year      = "2002",
     pages     = "73-87",
     eprint    = "hep-ph/0110215",
     SLACcitation  = "%%CITATION = HEP-PH 0110215;%%"
}

@Article{D'Alesio:2004up,
     author    = "D'Alesio, Umberto and Murgia, Francesco",
     title     = "Parton intrinsic motion in inclusive particle production:
                  Unpolarized  cross sections, single spin asymmetries and
                  the Sivers effect",
     journal   = "Phys. Rev.",
     volume    = "D70",
     year      = "2004",
     pages     = "074009",
     eprint    = "hep-ph/0408092",
     SLACcitation  = "%%CITATION = HEP-PH/0408092;%%"
}

@Article{Anselmino:2004ky,
     author    = "Anselmino, M. and Boglione, M. and D'Alesio, U. and Leader,
                  E. and Murgia, F.",
     title     = "Parton intrinsic motion: Suppression of the Collins
                  mechanism for  transverse single spin asymmetries in
                  p(pol.) p --> pi X",
     journal   = "Phys. Rev.",
     volume    = "D71",
     year      = "2005",
     pages     = "014002",
     eprint    = "hep-ph/0408356",
     SLACcitation  = "%%CITATION = HEP-PH/0408356;%%"
}

@Article{Anselmino:2005sh,
     author    = "Anselmino, M. and others",
     title     = "The general partonic structure for hadronic spin
                  asymmetries",
     journal   = "Phys. Rev.",
     volume    = "D73",
     year      = "2006",
     pages     = "014020",
     eprint    = "hep-ph/0509035",
     SLACcitation  = "%%CITATION = HEP-PH 0509035;%%"
}


@Article{Anselmino:2005ea,
     author    = "Anselmino, M. and others",
     title     = "Extracting the Sivers function from polarized SIDIS data
                  and making  predictions",
     journal   = "Phys. Rev.",
     volume    = "D72",
     year      = "2005",
     pages     = "094007",
     eprint    = "hep-ph/0507181",
     SLACcitation  = "%%CITATION = HEP-PH 0507181;%%"
}

@Article{Anselmino:2005hs,
     author    = "Anselmino, M. and others",
     title     = "Sivers function: SIDIS data, fits and predictions",
     year      = "2005",
     eprint    = "hep-ph/0511249",
     SLACcitation  = "%%CITATION = HEP-PH/0511249;%%"
}

@Article{Sivers:1990fh,
     author    = "Sivers, Dennis W.",
     title     = "Hard scattering scaling laws for single spin production
                  asymmetries",
     journal   = "Phys. Rev.",
     volume    = "D43",
     year      = "1991",
     pages     = "261-263",
     SLACcitation  = "%%CITATION = PHRVA,D43,261;%%"
}


@Article{Diefenthaler:2006vn,
     author    = "Diefenthaler, Markus",
     title     = "Azimuthal single-spin asymmetries in semi-inclusive deep-
                  inelastic scattering on a transversely polarised hydrogen
                  target",
     year      = "2006",
     eprint    = "hep-ex/0612010",
     archivePrefix = "arXiv",
     primaryClass  =  "hep-ph",
     SLACcitation  = "%%CITATION = HEP-EX 0612010;%%"
}

@Article{Collins:2005ie,
     author    = "Collins, J. C. and others",
     title     = "Sivers effect in semi-inclusive deeply inelastic
                  scattering",
     journal   = "Phys. Rev.",
     volume    = "D73",
     year      = "2006",
     pages     = "014021",
     eprint    = "hep-ph/0509076",
     SLACcitation  = "%%CITATION = HEP-PH 0509076;%%"
}

@Article{Prokudin:2006fa,
     author    = "Prokudin, A. and Turk, C.",
     title     = "Collins effect from polarized SIDIS and e+ e- data",
     year      = "2006",
     eprint    = "hep-ph/0612087",
     SLACcitation  = "%%CITATION = HEP-PH 0612087;%%"
}

@Article{Ji:2004xq,
     author    = "Ji, Xiang-dong and Ma, Jian-Ping and Yuan, Feng",
     title     = "QCD factorization for spin-dependent cross sections in DIS
                  and  Drell-Yan processes at low transverse momentum",
     journal   = "Phys. Lett.",
     volume    = "B597",
     year      = "2004",
     pages     = "299-308",
     eprint    = "hep-ph/0405085",
     SLACcitation  = "%%CITATION = HEP-PH 0405085;%%"
}

@Article{Ji:2004wu,
     author    = "Ji, Xiang-dong and Ma, Jian-ping and Yuan, Feng",
     title     = "QCD factorization for semi-inclusive deep-inelastic
                  scattering at low  transverse momentum",
     journal   = "Phys. Rev.",
     volume    = "D71",
     year      = "2005",
     pages     = "034005",
     eprint    = "hep-ph/0404183",
     SLACcitation  = "%%CITATION = HEP-PH 0404183;%%"
}

@Article{Martin:1997rz,
     author    = "Martin, O. and Schafer, A. and Stratmann, M. and Vogelsang,
                  W.",
     title     = "Soffer's inequality and the transversely polarized Drell-
                  Yan process at  next-to-leading order",
     journal   = "Phys. Rev.",
     volume    = "D57",
     year      = "1998",
     pages     = "3084-3090",
     eprint    = "hep-ph/9710300",
     SLACcitation  = "%%CITATION = HEP-PH 9710300;%%"
}

@Article{Hirai:2007cx,
     author    = "Hirai, M. and Kumano, S. and Nagai, T. -H. and Sudoh, K.",
     title     = "Determination of fragmentation functions and their
                  uncertainties",     
     journal   = "Phys. Rev.",
     volume    = "D75",
     year      = "2007",
     pages     = "094009",
     eprint    = "hep-ph/0702250",
     SLACcitation  = "%%CITATION = HEP-PH/0702250;%%"
}

@Article{deFlorian:2007hc,
     author    = "de Florian, Daniel and Sassot, Rodolfo and Stratmann, Marco
                  ",
     title     = "Global Analysis of Fragmentation Functions for Protons and
                  Charged Hadrons",
     year      = "2007",
     eprint    = "arXiv:0707.1506 [hep-ph]",
     SLACcitation  = "%%CITATION = ARXIV:0707.1506;%%"
}


@Article{Martin:2007au,
     author    = "Martin, Anna",
 collaboration = "COMPASS",
     title     = "COMPASS results on transverse single-spin asymmetries",
     journal   = "Czech. J. Phys.",
     volume    = "56",
     year      = "2006",
     pages     = "F33-F52",
     eprint    = "hep-ex/0702002",
     SLACcitation  = "%%CITATION = HEP-EX/0702002;%%"
}

@Article{Diefenthaler:2007rj,
     author    = "Diefenthaler, Markus",
 collaboration = "HERMES",
     title     = "HERMES measurements of Collins and Sivers asymmetries from
                  a transversely polarised hydrogen target",
     year      = "2007",
     eprint    = "arXiv:0706.2242 [hep-ex]",
     SLACcitation  = "%%CITATION = ARXIV:0706.2242;%%"
}

@Article{Vogelsang:2007jk,
     author    = "Vogelsang, Werner and Yuan, Feng",
     title     = "{Hadronic Dijet Imbalance and Transverse-Momentum Dependent
                  Parton Distributions}",
     journal   = "Phys. Rev.",
     volume    = "D76",
     year      = "2007",
     pages     = "094013",
     eprint    = "arXiv:0708.4398 [hep-ph]",
     SLACcitation  = "%%CITATION = ARXIV:0708.4398;%%"
}

@Article{Collins:2007jp,
     author    = "Collins, John",
     title     = "{2-soft-gluon exchange and factorization breaking}",
     year      = "2007",
     eprint    = "arXiv:0708.4410 [hep-ph]",
     SLACcitation  = "%%CITATION = ARXIV:0708.4410;%%"
}

@Article{Bomhof:2007xt,
     author    = "Bomhof, C. J. and Mulders, Piet J.",
     title     = "{Non-universality of transverse momentum dependent parton
                  distribution functions}",
     year      = "2007",
     eprint    = "arXiv:0709.1390 [hep-ph]",
     SLACcitation  = "%%CITATION = ARXIV:0709.1390;%%"
}

@Article{Lee:2006iw,
     author    = "Lee, J. H.",
 collaboration = "BRAHMS",
     title     = "Single spin asymmetries of identified charged hadrons in
                  polarized p + p at s**(1/2) = 200-GeV",
     year      = "2006",
     note      = "Prepared for 14th International Workshop on Deep Inelastic
                  Scattering (DIS 2006), Tsukuba, Japan, 20-24 Apr 2006"    
}

@Article{Surrow:2007gy,
     author    = "Surrow, Bernd",
 collaboration = "STAR",
     title     = "Recent results of the STAR high-energy polarized proton-
                  proton program   at RHIC at BNL",
     journal   = "AIP Conf. Proc.",
     volume    = "915",
     year      = "2007",
     pages     = "293-300",
     eprint    = "arXiv:0705.3483 [hep-ex]",
     SLACcitation  = "%%CITATION = ARXIV:0705.3483;%%"
}

@Article{Boglione:2007dm,
     author    = "Boglione, M. and D'Alesio, U. and Murgia, F.",
     title     = "{Single spin asymmetries in inclusive hadron production
                  from SIDIS to hadronic collisions: universality and
                  phenomenology}",
     year      = "2007",
     eprint    = "arXiv:0712.4240 [hep-ph]",
     SLACcitation  = "%%CITATION = ARXIV:0712.4240;%%"
}

@Article{NR,
     author    = "Press, W. H. and
                  Teukolsky, S. A. and
                  Vetterling, W. T. and
                  Flannery, B. P.",
     title     = "{Numerical Recipes: The Art of Scientific Computing}",
     journal   = "Numerical Recipes, Cambridge University Press, Third Edition,",
     year      = "2007",     
     pages     = "1256",
     url = {http://www.nr.com}
}

@Article{PDBook,
     author    = "Yao, W.-M. and others",
     title     = "{Statistics}",
     journal   = "Particle Data Group, J. Phys.",
     volume    = "G33",
     year      = "2006",
     pages     = "301",
     url = {http://pdg.lbl.gov}
}

@Article{talk,
     author    = "A. Prokudin and others",
     title     = "{}",
     journal   = "Proceedings of the XII Workshop on High Energy Spin Physics, DSPIN-07",
     volume    = "",
     year      = "Dubna, Russia, September 3-7, 2007",
     pages     = "",
     url = {http://theor.jinr.ru/~spin/Spin-Dubna07/2%204TuA/6%20Prokudin/prokudin_dubna.pdf}
}

@Article{Pobylitsa:2003ty,
     author    = "Pobylitsa, P. V.",
     title     = "{Transverse-momentum dependent parton distributionsin large-N(c) QCD}",
     year      = "2003",
     eprint    = "hep-ph/0301236",
     SLACcitation  = "%%CITATION = HEP-PH/0301236;%%"
}

@Article{Adler:2005in,
     author    = "Adler, Stephen Scott and others",
 collaboration = "PHENIX",
     title     = "{Measurement of transverse single-spin asymmetries for mid-
                  rapidity  production of neutral pions and charged hadrons
                  in polarized p + p  collisions at s**(1/2) = 200-GeV}",
     journal   = "Phys. Rev. Lett.",
     volume    = "95",
     year      = "2005",
     pages     = "202001",
     eprint    = "hep-ex/0507073",
     SLACcitation  = "%%CITATION = HEP-EX/0507073;%%"
}

@Article{Lee:2007zzh,
     author    = "Lee, J. H. and Videbaek, F.",
 collaboration = "BRAHMS",
     title     = "{Single spin asymmetries of identified hadrons in polarized
                  p + p at s**(1/2) = 62.4 and 200-GeV}",
     journal   = "AIP Conf. Proc.",
     volume    = "915",
     year      = "2007",
     pages     = "533-538",
     SLACcitation  = "%%CITATION = APCPC,915,533;%%"
}

@Article{Abelev:2008qb,
     author    = "STAR collaboration",
 collaboration = "STAR",
     title     = "{Forward Neutral Pion Transverse Single Spin Asymmetries in
                  p+p Collisions at \sqrt{s}=200 GeV}",
     year      = "2008",
     eprint    = "arXiv:0801.2990 [hep-ex]",
     SLACcitation  = "%%CITATION = ARXIV:0801.2990;%%"
}

@Article{Brodsky:2002cx,
     author    = "Brodsky, Stanley J. and Hwang, Dae Sung and Schmidt, Ivan",
     title     = "{Final-state interactions and single-spin asymmetries in
                  semi-inclusive  deep inelastic scattering}",
     journal   = "Phys. Lett.",
     volume    = "B530",
     year      = "2002",
     pages     = "99-107",
     eprint    = "hep-ph/0201296",
     SLACcitation  = "%%CITATION = HEP-PH/0201296;%%"
}

@Article{Collins:2002kn,
     author    = "Collins, John C.",
     title     = "{Leading-twist single-transverse-spin asymmetries: Drell-
                  Yan and  deep-inelastic scattering}",
     journal   = "Phys. Lett.",
     volume    = "B536",
     year      = "2002",
     pages     = "43-48",
     eprint    = "hep-ph/0204004",
     SLACcitation  = "%%CITATION = HEP-PH/0204004;%%"
}

@Article{Bacchetta:2007sz,
     author    = "Bacchetta, Alessandro and Bomhof, Cedran and D'Alesio,
                  Umberto and Mulders, P. J. and Murgia, F.",
     title     = "{The Sivers single-spin asymmetry in photon - jet
                  production}",
     journal   = "Phys. Rev. Lett.",
     volume    = "99",
     year      = "2007",
     pages     = "212002",
     eprint    = "hep-ph/0703153",
     SLACcitation  = "%%CITATION = HEP-PH/0703153;%%"
}

@Article{Anselmino:2005an,
     author    = "Anselmino, M. and others",
     title     = "{Comparing extractions of Sivers functions}",
     year      = "2005",
     eprint    = "hep-ph/0511017",
     SLACcitation  = "%%CITATION = HEP-PH/0511017;%%"
}


@Article{Drago:2005gz,
     author    = "Drago, Alessandro",
     title     = "{Time-reversal odd distribution functions in chiral models
                  with vector  mesons}",
     journal   = "Phys. Rev.",
     volume    = "D71",
     year      = "2005",
     pages     = "057501",
     eprint    = "hep-ph/0501282",
     archivePrefix = "arXiv",
     doi       = "10.1103/PhysRevD.71.057501",
     SLACcitation  = "%%CITATION = HEP-PH/0501282;%%"
}

@Article{Anselmino:2006yq,
     author    = "Anselmino, M. and D'Alesio, U. and Melis, S. and Murgia, F.
                  ",
     title     = "{Constraints on the gluon Sivers distribution via
                  transverse single spin  asymmetries at mid-rapidity in
                  p(transv.pol.) p --> pi0 X processes at  RHIC}",
     journal   = "Phys. Rev.",
     volume    = "D74",
     year      = "2006",
     pages     = "094011",
     eprint    = "hep-ph/0608211",
     archivePrefix = "arXiv",
     doi       = "10.1103/PhysRevD.74.094011",
     SLACcitation  = "%%CITATION = HEP-PH/0608211;%%"
}

@Article{Brodsky:2006ha,
     author    = "Brodsky, Stanley J. and Gardner, Susan",
     title     = "{Evidence for the absence of gluon orbital angular momentum
                  in the nucleon}",
     journal   = "Phys. Lett.",
     volume    = "B643",
     year      = "2006",
     pages     = "22-28",
     eprint    = "hep-ph/0608219",
     archivePrefix = "arXiv",
     doi       = "10.1016/j.physletb.2006.10.024",
     SLACcitation  = "%%CITATION = HEP-PH/0608219;%%"
}

@Article{Burkardt:2004ur,
     author    = "Burkardt, Matthias",
     title     = "{Sivers mechanism for gluons}",
     journal   = "Phys. Rev.",
     volume    = "D69",
     year      = "2004",
     pages     = "091501",
     eprint    = "hep-ph/0402014",
     archivePrefix = "arXiv",
     doi       = "10.1103/PhysRevD.69.091501",
     SLACcitation  = "%%CITATION = HEP-PH/0402014;%%"
}

@Article{Airapetian:2008qf,
     author    = "Airapetian, A. and others",
 collaboration = "HERMES",
     title     = "{Measurement of Parton Distributions of Strange Quarks in
                  the Nucleon fromCharged-Kaon Production in Deep-Inelastic
                  Scattering on the Deuteron}",
     year      = "2008",
     eprint    = "arXiv:0803.2993 [hep-ex]",
     SLACcitation  = "%%CITATION = 0803.2993;%%"
}

@Article{Alekseev:2008dn,
     author    = "Alekseev, M. and others",
 collaboration = "COMPASS",
     title     = "{Collins and Sivers Transverse Spin Asymmetries for Pions
                  and Kaons on Deuterons}",
     year      = "2008",
     eprint    = "arXiv:0802.2160 [hep-ex]",
     SLACcitation  = "%%CITATION = 0802.2160;%%"
}

@Article{Arnold:2008ap,
     author    = "Arnold, S. and Efremov, A. V. and Goeke, K. and Schlegel,
                  M. and Schweitzer, P.",
     title     = "{Sivers effect at Hermes, Compass and Clas12}",
     year      = "2008",
     eprint    = "arXiv:0805.2137 [hep-ph]",
     SLACcitation  = "%%CITATION = 0805.2137;%%"
}

@Article{Anselmino:2008sg,
     author    = "Anselmino, M. and others",
     title     = "{Sivers Effect for Pion and Kaon Production in Semi-
                  Inclusive Deep Inelastic Scattering}",
     year      = "2008",
     eprint    = "0805.2677",
     archivePrefix = "arXiv",
     primaryClass  =  "hep-ph",
     SLACcitation  = "%%CITATION = 0805.2677;%%"
}

@Article{Kane:1978nd,
     author    = "Kane, Gordon L. and Pumplin, J. and Repko, W.",
     title     = "{Transverse Quark Polarization in Large p(T) Reactions, e+
                  e- Jets, and Leptoproduction: A Test of QCD}",
     journal   = "Phys. Rev. Lett.",
     volume    = "41",
     year      = "1978",
     pages     = "1689",
     doi       = "10.1103/PhysRevLett.41.1689",
     SLACcitation  = "%%CITATION = PRLTA,41,1689;%%"
}

@Article{Sivers:2006rg,
     author    = "Sivers, Dennis",
     title     = "{Single-spin observables and orbital structures in hadronic
                  distributions}",
     journal   = "Phys. Rev.",
     volume    = "D74",
     year      = "2006",
     pages     = "094008",
     eprint    = "hep-ph/0609080",
     archivePrefix = "arXiv",
     doi       = "10.1103/PhysRevD.74.094008",
     SLACcitation  = "%%CITATION = HEP-PH/0609080;%%"
}
 
@Article{Anselmino:1994tv,
     author    = "Anselmino, M. and Boglione, Mariaelena and Murgia, F.",
     title     = "{Single spin asymmetry for p (polarized) p $\to$ pi X in
                  perturbative QCD}",
     journal   = "Phys. Lett.",
     volume    = "B362",
     year      = "1995",
     pages     = "164-172",
     eprint    = "hep-ph/9503290",
     archivePrefix = "arXiv",
     doi       = "10.1016/0370-2693(95)01168-P",
     SLACcitation  = "%%CITATION = HEP-PH/9503290;%%"
}

@Article{Anselmino:1998yz,
     author    = "Anselmino, Mauro and Murgia, Francesco",
     title     = "{Single spin asymmetries in p(pol.) p and anti-p(pol.) p
                  inclusive  processes}",
     journal   = "Phys. Lett.",
     volume    = "B442",
     year      = "1998",
     pages     = "470-478",
     eprint    = "hep-ph/9808426",
     archivePrefix = "arXiv",
     doi       = "10.1016/S0370-2693(98)01267-2",
     SLACcitation  = "%%CITATION = HEP-PH/9808426;%%"
}

@Article{Anselmino:2001vn,
     author    = "Anselmino, M. and Barone, V. and Drago, A. and Murgia, F.",
     title     = "{Non-standard time reversal for particle multiplets and the
                  spin-flavor  structure of hadrons}",
     journal   = "Nucl. Phys. Proc. Suppl.",
     volume    = "105",
     year      = "2002",
     pages     = "132-133",
     eprint    = "hep-ph/0111044",
     archivePrefix = "arXiv",
     doi       = "10.1016/S0920-5632(01)01967-3",
     SLACcitation  = "%%CITATION = HEP-PH/0111044;%%"
}

@Article{Brodsky:2002rv,
     author    = "Brodsky, Stanley J. and Hwang, Dae Sung and Schmidt, Ivan",
     title     = "{Initial-state interactions and single-spin asymmetries in
                  Drell-Yan  processes}",
     journal   = "Nucl. Phys.",
     volume    = "B642",
     year      = "2002",
     pages     = "344-356",
     eprint    = "hep-ph/0206259",
     archivePrefix = "arXiv",
     doi       = "10.1016/S0550-3213(02)00617-X",
     SLACcitation  = "%%CITATION = HEP-PH/0206259;%%"
}

@Article{Anselmino:2002pd,
     author    = "Anselmino, M. and D'Alesio, U. and Murgia, F.",
     title     = "{Transverse single spin asymmetries in Drell-Yan
                  processes}",
     journal   = "Phys. Rev.",
     volume    = "D67",
     year      = "2003",
     pages     = "074010",
     eprint    = "hep-ph/0210371",
     archivePrefix = "arXiv",
     doi       = "10.1103/PhysRevD.67.074010",
     SLACcitation  = "%%CITATION = HEP-PH/0210371;%%"
}

@Article{:2008mi,
     author    = "Arsene, I. and others",
 collaboration = "BRAHMS",
     title     = "{Single Transverse Spin Asymmetries of Identified Charged
                  Hadrons in Polarized p+p Collisions at $\sqrt{s}$ = 62.4
                  GeV}",
     journal   = "Phys. Rev. Lett.",
     volume    = "101",
     year      = "2008",
     pages     = "042001",
     eprint    = "0801.1078",
     archivePrefix = "arXiv",
     primaryClass  =  "nucl-ex",
     doi       = "10.1103/PhysRevLett.101.042001",
     SLACcitation  = "%%CITATION = 0801.1078;%%"
}

@Article{Adams:1991cs,
     author    = "Adams, D. L. and others",
 collaboration = "FNAL-E704",
     title     = "{Analyzing power in inclusive pi+ and pi- production at
                  high x(F) with a 200-GeV polarized proton beam}",
     journal   = "Phys. Lett.",
     volume    = "B264",
     year      = "1991",
     pages     = "462-466",
     doi       = "10.1016/0370-2693(91)90378-4",
     SLACcitation  = "%%CITATION = PHLTA,B264,462;%%"
}

@Article{Adams:1991rx,
     author    = "Adams, D. L. and others",
 collaboration = "E581",
     title     = "{First results for the two spin parameter A(LL) in pi0
                  production by 200-GeV polarized protons and anti-protons}",
     journal   = "Phys. Lett.",
     volume    = "B261",
     year      = "1991",
     pages     = "197-200",
     doi       = "10.1016/0370-2693(91)91350-5",
     SLACcitation  = "%%CITATION = PHLTA,B261,197;%%"
}

@Article{Adams:1995gg,
     author    = "Adams, D. L. and others",
 collaboration = "E704",
     title     = "{Measurement of single spin asymmetry for direct photon
                  production in p p collisions at 200-GeV/c}",
     journal   = "Phys. Lett.",
     volume    = "B345",
     year      = "1995",
     pages     = "569-575",
     doi       = "10.1016/0370-2693(94)01695-9",
     SLACcitation  = "%%CITATION = PHLTA,B345,569;%%"
}

@Article{Adams:2003fx,
     author    = "Adams, John and others",
 collaboration = "STAR",
     title     = "{Cross sections and transverse single-spin asymmetries in
                  forward  neutral pion production from proton collisions at
                  s**(1/2) = 200-GeV}",
     journal   = "Phys. Rev. Lett.",
     volume    = "92",
     year      = "2004",
     pages     = "171801",
     eprint    = "hep-ex/0310058",
     archivePrefix = "arXiv",
     doi       = "10.1103/PhysRevLett.92.171801",
     SLACcitation  = "%%CITATION = HEP-EX/0310058;%%"
}

@Article{Levorato:2008tv,
     author    = "Levorato, S.",
 collaboration = "COMPASS",
     title     = "{Single Spin Asymmetries on a transversely polarised proton
                  target at COMPASS}",
     year      = "2008",
     eprint    = "0808.0086",
     archivePrefix = "arXiv",
     primaryClass  =  "hep-ex",
     SLACcitation  = "%%CITATION = 0808.0086;%%"
}

@Article{Collins:1981uk,
     author    = "Collins, John C. and Soper, Davison E.",
     title     = "{Back-To-Back Jets in QCD}",
     journal   = "Nucl. Phys.",
     volume    = "B193",
     year      = "1981",
     pages     = "381",
     doi       = "10.1016/0550-3213(81)90339-4",
     SLACcitation  = "%%CITATION = NUPHA,B193,381;%%"
}

@Article{Collins:1984kg,
     author    = "Collins, John C. and Soper, Davison E. and Sterman, George
                  ",
     title     = "{Transverse Momentum Distribution in Drell-Yan Pair and W
                  and Z Boson Production}",
     journal   = "Nucl. Phys.",
     volume    = "B250",
     year      = "1985",
     pages     = "199",
     doi       = "10.1016/0550-3213(85)90479-1",
     SLACcitation  = "%%CITATION = NUPHA,B250,199;%%"
}

@Article{Ji:2006br,
     author    = "Ji, Xiangdong and Qiu, Jian-Wei and Vogelsang, Werner and
                  Yuan, Feng",
     title     = "{Single-transverse spin asymmetry in semi-inclusive deep
                  inelastic scattering}",
     journal   = "Phys. Lett.",
     volume    = "B638",
     year      = "2006",
     pages     = "178-186",
     eprint    = "hep-ph/0604128",
     archivePrefix = "arXiv",
     doi       = "10.1016/j.physletb.2006.05.044",
     SLACcitation  = "%%CITATION = HEP-PH/0604128;%%"
}

@Article{Ji:2006vf,
     author    = "Ji, Xiangdong and Qiu, Jian-wei and Vogelsang, Werner and
                  Yuan, Feng",
     title     = "{Single transverse-spin asymmetry in Drell-Yan production
                  at large and moderate transverse momentum}",
     journal   = "Phys. Rev.",
     volume    = "D73",
     year      = "2006",
     pages     = "094017",
     eprint    = "hep-ph/0604023",
     archivePrefix = "arXiv",
     doi       = "10.1103/PhysRevD.73.094017",
     SLACcitation  = "%%CITATION = HEP-PH/0604023;%%"
}

@Article{D'Alesio:2007jt,
     author    = "D'Alesio, U. and Murgia, F.",
     title     = "{Azimuthal and Single Spin Asymmetries in Hard Scattering
                  Processes}",
     journal   = "Prog. Part. Nucl. Phys. 61",
     volume    = "2008",
     year      = "2008",
     pages     = "394-454",
     eprint    = "0712.4328",
     archivePrefix = "arXiv",
     primaryClass  =  "hep-ph",
     doi       = "10.1016/j.ppnp.2008.01.001",
     SLACcitation  = "%%CITATION = 0712.4328;%%"
}

@Article{Arnold:2008kf,
     author    = "Arnold, S. and Metz, A. and Schlegel, M.",
     title     = "{Dilepton production from polarized hadron hadron
                  collisions}",
     year      = "2008",
     eprint    = "0809.2262",
     archivePrefix = "arXiv",
     primaryClass  =  "hep-ph",
     SLACcitation  = "%%CITATION = 0809.2262;%%"
}

@Article{Collins:1977iv,
     author    = "Collins, John C. and Soper, Davison E.",
     title     = "{Angular Distribution of Dileptons in High-Energy Hadron
                  Collisions}",
     journal   = "Phys. Rev.",
     volume    = "D16",
     year      = "1977",
     pages     = "2219",
     doi       = "10.1103/PhysRevD.16.2219",
     SLACcitation  = "%%CITATION = PHRVA,D16,2219;%%"
}

@Article{Sutton:1991ay,
     author    = "Sutton, P. J. and Martin, Alan D. and Roberts, R. G. and
                  Stirling, W. James",
     title     = "{Parton distributions for the pion extracted from Drell-Yan
                  and prompt photon experiments}",
     journal   = "Phys. Rev.",
     volume    = "D45",
     year      = "1992",
     pages     = "2349-2359",
     doi       = "10.1103/PhysRevD.45.2349",
     SLACcitation  = "%%CITATION = PHRVA,D45,2349;%%"
}

@Article{Gluck:1991ng,
     author    = "Gluck, M. and Reya, E. and Vogt, A.",
     title     = "{Parton distributions for high-energy collisions}",
     journal   = "Z. Phys.",
     volume    = "C53",
     year      = "1992",
     pages     = "127-134",
     doi       = "10.1007/BF01483880",
     SLACcitation  = "%%CITATION = ZEPYA,C53,127;%%"
}

@Article{Collins:2005rq,
     author    = "Collins, J. C. and others",
     title     = "{Sivers effect in Drell Yan at RHIC}",
     journal   = "Phys. Rev.",
     volume    = "D73",
     year      = "2006",
     pages     = "094023",
     eprint    = "hep-ph/0511272",
     archivePrefix = "arXiv",
     doi       = "10.1103/PhysRevD.73.094023",
     SLACcitation  = "%%CITATION = HEP-PH/0511272;%%"
}

@Article{Efremov:2004tp,
     author    = "Efremov, A. V. and Goeke, K. and Menzel, S. and Metz, A.
                  and Schweitzer, P.",
     title     = "{Sivers effect in semi-inclusive DIS and in the Drell-Yan
                  process}",
     journal   = "Phys. Lett.",
     volume    = "B612",
     year      = "2005",
     pages     = "233-244",
     eprint    = "hep-ph/0412353",
     archivePrefix = "arXiv",
     doi       = "10.1016/j.physletb.2005.03.010",
     SLACcitation  = "%%CITATION = HEP-PH/0412353;%%"
}

@Article{Anselmino:2008sga,
     author    = "Anselmino, M. and others",
     title     = "{Sivers Effect for Pion and Kaon Production in Semi-
                  Inclusive Deep Inelastic Scattering}",
     journal   = "Eur. Phys. J.",
     volume    = "A39",
     year      = "2009",
     pages     = "89-100",
     eprint    = "0805.2677",
     archivePrefix = "arXiv",
     primaryClass  =  "hep-ph",
     doi       = "10.1140/epja/i2008-10697-y",
     SLACcitation  = "%%CITATION = 0805.2677;%%"
}



@Article{Seidl:2008xc,
     author    = "Seidl, R. and others",
 collaboration = "Belle",
     title     = "{Measurement of Azimuthal Asymmetries in Inclusive
                  Production of Hadron Pairs in e+e- Annihilation at \sqrt{s}
                  = 10.58 GeV}",
     journal   = "Phys. Rev.",
     volume    = "D78",
     year      = "2008",
     pages     = "032011",
     eprint    = "0805.2975",
     archivePrefix = "arXiv",
     primaryClass  =  "hep-ex",
     doi       = "10.1103/PhysRevD.78.032011",
     SLACcitation  = "%%CITATION = 0805.2975;%%"
}

@Article{Bacchetta:2008xw,
     author    = "Bacchetta, Alessandro and Boer, Daniel and Diehl, Markus
                  and Mulders, Piet J.",
     title     = "{Matches and mismatches in the descriptions of semi-
                  inclusive processes at low and high transverse momentum}",
     journal   = "JHEP",
     volume    = "08",
     year      = "2008",
     pages     = "023",
     eprint    = "0803.0227",
     archivePrefix = "arXiv",
     primaryClass  =  "hep-ph",
     doi       = "10.1088/1126-6708/2008/08/023",
     SLACcitation  = "%%CITATION = 0803.0227;%%"
}

@Article{Anselmino:2009st,
     author    = "Anselmino, M. and others",
     title     = "{Sivers effect in Drell-Yan processes}",
     journal   = "Phys. Rev.",
     volume    = "D79",
     year      = "2009",
     pages     = "054010",
     eprint    = "0901.3078",
     archivePrefix = "arXiv",
     primaryClass  =  "hep-ph",
     doi       = "10.1103/PhysRevD.79.054010",
     SLACcitation  = "%%CITATION = 0901.3078;%%"
}

@Article{Adams:1991ru,
     author    = "Adams, D. L. and others",
 collaboration = "E581",
     title     = "{Large x(F) spin asymmetry in pi0 production by 200-GeV
                  polarized protons}",
     journal   = "Z. Phys.",
     volume    = "C56",
     year      = "1992",
     pages     = "181-184",
     doi       = "10.1007/BF01555512",
     SLACcitation  = "%%CITATION = ZEPYA,C56,181;%%"
}

@Article{:2008qb,
     author    = "Abelev, B. I. and others",
 collaboration = "STAR",
     title     = "{Forward Neutral Pion Transverse Single Spin Asymmetries in
                  p+p Collisions at \sqrt{s}=200 GeV}",
     journal   = "Phys. Rev. Lett.",
     volume    = "101",
     year      = "2008",
     pages     = "222001",
     eprint    = "0801.2990",
     archivePrefix = "arXiv",
     primaryClass  =  "hep-ex",
     doi       = "10.1103/PhysRevLett.101.222001",
     SLACcitation  = "%%CITATION = 0801.2990;%%"
}

@Article{Aidala:2008qj,
     author    = "Aidala, C.",
 collaboration = "PHENIX",
     title     = "{Transversity and Transverse-Momentum-Dependent
                  Distribution Measurements from PHENIX and BRAHMS}",
     year      = "2008",
     eprint    = "0808.4139",
     archivePrefix = "arXiv",
     primaryClass  =  "hep-ex",
     SLACcitation  = "%%CITATION = 0808.4139;%%"
}

@Article{Aidala:2009xi,
     author    = "Aidala, Christine A.",
     title     = "{Spin in Hadron Reactions}",
     year      = "2009",
     eprint    = "0903.2393",
     archivePrefix = "arXiv",
     primaryClass  =  "hep-ex",
     SLACcitation  = "%%CITATION = 0903.2393;%%"
}

@Article{Anselmino:1994xr,
     author    = "Anselmino, M. and Boglione, Mariaelena and Murgia, F.",
     title     = "{Single spin asymmetry in inclusive pion production}",
     year      = "1994",
     eprint    = "hep-ph/9410382",
     archivePrefix = "arXiv",
     SLACcitation  = "%%CITATION = HEP-PH/9410382;%%"
}


@Article{Anselmino:1999pw,
     author    = "Anselmino, Mauro and Boglione, Mariaelena and Murgia,
                  Francesco",
     title     = "{Phenomenology of single spin asymmetries in p(transv.
                  polarized)-p -> pion + X}",
     journal   = "Phys. Rev.",
     volume    = "D60",
     year      = "1999",
     pages     = "054027",
     eprint    = "hep-ph/9901442",
     archivePrefix = "arXiv",
     doi       = "10.1103/PhysRevD.60.054027",
     SLACcitation  = "%%CITATION = HEP-PH/9901442;%%"
}

@Article{Bravar:1996ki,
     author    = "Bravar, A. and others",
 collaboration = "Fermilab E704",
     title     = "{Single-spin asymmetries in inclusive charged pion
                  production by  transversely polarized antiprotons}",
     journal   = "Phys. Rev. Lett.",
     volume    = "77",
     year      = "1996",
     pages     = "2626-2629",
     doi       = "10.1103/PhysRevLett.77.2626",
     SLACcitation  = "%%CITATION = PRLTA,77,2626;%%"
}

@Article{Nogach:2006gm,
     author    = "Nogach, L.",
 collaboration = "the STAR",
     title     = "{Measurements of Transverse Spin Effects with the Forward
                  Pion Detector   of STAR}",
     journal   = "AIP Conf. Proc.",
     volume    = "915",
     year      = "2007",
     pages     = "543-546",
     eprint    = "hep-ex/0612030",
     archivePrefix = "arXiv",
     doi       = "10.1063/1.2750839",
     SLACcitation  = "%%CITATION = HEP-EX/0612030;%%"
}

@Article{Adams:2006uz,
     author    = "Adams, John and others",
 collaboration = "STAR",
     title     = "{Forward neutral pion production in p+p and d+Au collisions
                  at  s(NN)**(1/2) = 200-GeV}",
     journal   = "Phys. Rev. Lett.",
     volume    = "97",
     year      = "2006",
     pages     = "152302",
     eprint    = "nucl-ex/0602011",
     archivePrefix = "arXiv",
     doi       = "10.1103/PhysRevLett.97.152302",
     SLACcitation  = "%%CITATION = NUCL-EX/0602011;%%"
}

@Article{Efremov:1981sh,
     author    = "Efremov, A. V. and Teryaev, O. V.",
     title     = "{ON SPIN EFFECTS IN QUANTUM CHROMODYNAMICS}",
     journal   = "Sov. J. Nucl. Phys.",
     volume    = "36",
     year      = "1982",
     pages     = "140",
     SLACcitation  = "%%CITATION = SJNCA,36,140;%%"
}

@Article{Efremov:1984ip,
     author    = "Efremov, A. V. and Teryaev, O. V.",
     title     = "{QCD Asymmetry and Polarized Hadron Structure Functions}",
     journal   = "Phys. Lett.",
     volume    = "B150",
     year      = "1985",
     pages     = "383",
     doi       = "10.1016/0370-2693(85)90999-2",
     SLACcitation  = "%%CITATION = PHLTA,B150,383;%%"
}

@Article{Qiu:1998ia,
     author    = "Qiu, Jian-wei and Sterman, George",
     title     = "{Single transverse-spin asymmetries in hadronic pion
                  production}",
     journal   = "Phys. Rev.",
     volume    = "D59",
     year      = "1999",
     pages     = "014004",
     eprint    = "hep-ph/9806356",
     archivePrefix = "arXiv",
     doi       = "10.1103/PhysRevD.59.014004",
     SLACcitation  = "%%CITATION = HEP-PH/9806356;%%"
}

@Article{Qiu:1991pp,
     author    = "Qiu, Jian-wei and Sterman, George",
     title     = "{Single transverse spin asymmetries}",
     journal   = "Phys. Rev. Lett.",
     volume    = "67",
     year      = "1991",
     pages     = "2264-2267",
     doi       = "10.1103/PhysRevLett.67.2264",
     SLACcitation  = "%%CITATION = PRLTA,67,2264;%%"
}

@Article{Kanazawa:2000hz,
     author    = "Kanazawa, Y. and Koike, Yuji",
     title     = "{Chiral-odd contribution to single-transverse spin
                  asymmetry in hadronic  pion production}",
     journal   = "Phys. Lett.",
     volume    = "B478",
     year      = "2000",
     pages     = "121-126",
     eprint    = "hep-ph/0001021",
     archivePrefix = "arXiv",
     doi       = "10.1016/S0370-2693(00)00261-6",
     SLACcitation  = "%%CITATION = HEP-PH/0001021;%%"
}

@Article{Kouvaris:2006zy,
     author    = "Kouvaris, Chris and Qiu, Jian-Wei and Vogelsang, Werner and
                  Yuan, Feng",
     title     = "{Single transverse-spin asymmetry in high transverse
                  momentum pion production in p p collisions}",
     journal   = "Phys. Rev.",
     volume    = "D74",
     year      = "2006",
     pages     = "114013",
     eprint    = "hep-ph/0609238",
     archivePrefix = "arXiv",
     doi       = "10.1103/PhysRevD.74.114013",
     SLACcitation  = "%%CITATION = HEP-PH/0609238;%%"
}

@Article{Koike:2009ge,
     author    = "Koike, Yuji and Tomita, Tetsuya",
     title     = "{Soft-fermion-pole contribution to single-spin asymmetry
                  for pion production in pp collisions}",
     year      = "2009",
     eprint    = "0903.1923",
     archivePrefix = "arXiv",
     primaryClass  =  "hep-ph",
     SLACcitation  = "%%CITATION = 0903.1923;%%"
}

@Article{Eguchi:2006qz,
     author    = "Eguchi, Hisato and Koike, Yuji and Tanaka, Kazuhiro",
     title     = "{Single transverse spin asymmetry for large-p(T) pion
                  production in semi-inclusive deep inelastic scattering}",
     journal   = "Nucl. Phys.",
     volume    = "B752",
     year      = "2006",
     pages     = "1-17",
     eprint    = "hep-ph/0604003",
     archivePrefix = "arXiv",
     doi       = "10.1016/j.nuclphysb.2006.05.036",
     SLACcitation  = "%%CITATION = HEP-PH/0604003;%%"
}

@Article{Eguchi:2006mc,
     author    = "Eguchi, Hisato and Koike, Yuji and Tanaka, Kazuhiro",
     title     = "{Twist-3 formalism for single transverse spin asymmetry
                  reexamined: Semi-inclusive deep inelastic scattering}",
     journal   = "Nucl. Phys.",
     volume    = "B763",
     year      = "2007",
     pages     = "198-227",
     eprint    = "hep-ph/0610314",
     archivePrefix = "arXiv",
     doi       = "10.1016/j.nuclphysb.2006.11.016",
     SLACcitation  = "%%CITATION = HEP-PH/0610314;%%"
}

@Article{Boer:2003cm,
     author    = "Boer, Daniel and Mulders, P. J. and Pijlman, F.",
     title     = "{Universality of T-odd effects in single spin and azimuthal
                  asymmetries}",
     journal   = "Nucl. Phys.",
     volume    = "B667",
     year      = "2003",
     pages     = "201-241",
     eprint    = "hep-ph/0303034",
     archivePrefix = "arXiv",
     doi       = "10.1016/S0550-3213(03)00527-3",
     SLACcitation  = "%%CITATION = HEP-PH/0303034;%%"
}

@Article{Ji:2006ub,
     author    = "Ji, Xiangdong and Qiu, Jian-Wei and Vogelsang, Werner and
                  Yuan, Feng",
     title     = "{A unified picture for single transverse-spin asymmetries
                  in hard  processes}",
     journal   = "Phys. Rev. Lett.",
     volume    = "97",
     year      = "2006",
     pages     = "082002",
     eprint    = "hep-ph/0602239",
     archivePrefix = "arXiv",
     doi       = "10.1103/PhysRevLett.97.082002",
     SLACcitation  = "%%CITATION = HEP-PH/0602239;%%"
}

@Article{Koike:2007dg,
     author    = "Koike, Yuji and Vogelsang, Werner and Yuan, Feng",
     title     = "{On the Relation Between Mechanisms for Single-Transverse-
                  Spin Asymmetries}",
     journal   = "Phys. Lett.",
     volume    = "B659",
     year      = "2008",
     pages     = "878-884",
     eprint    = "0711.0636",
     archivePrefix = "arXiv",
     primaryClass  =  "hep-ph",
     doi       = "10.1016/j.physletb.2007.11.096",
     SLACcitation  = "%%CITATION = 0711.0636;%%"
}

@Article{Yuan:2009dw,
     author    = "Yuan, Feng and Zhou, Jian",
     title     = "{Collins Fragmentation and the Single Transverse Spin
                  Asymmetry}",
     year      = "2009",
     eprint    = "0903.4680",
     archivePrefix = "arXiv",
     primaryClass  =  "hep-ph",
     SLACcitation  = "%%CITATION = 0903.4680;%%"
}

@Article{Boer:2003tx,
     author    = "Boer, Daniel and Vogelsang, Werner",
     title     = "{Asymmetric jet correlations in p p(pol.) scattering}",
     journal   = "Phys. Rev.",
     volume    = "D69",
     year      = "2004",
     pages     = "094025",
     eprint    = "hep-ph/0312320",
     archivePrefix = "arXiv",
     doi       = "10.1103/PhysRevD.69.094025",
     SLACcitation  = "%%CITATION = HEP-PH/0312320;%%"
}

@Article{Bomhof:2004aw,
     author    = "Bomhof, C. J. and Mulders, P. J. and Pijlman, F.",
     title     = "{Gauge link structure in quark quark correlators in hard
                  processes}",
     journal   = "Phys. Lett.",
     volume    = "B596",
     year      = "2004",
     pages     = "277-286",
     eprint    = "hep-ph/0406099",
     archivePrefix = "arXiv",
     doi       = "10.1016/j.physletb.2004.06.100",
     SLACcitation  = "%%CITATION = HEP-PH/0406099;%%"
}

@Article{Bacchetta:2005rm,
     author    = "Bacchetta, A. and Bomhof, C. J. and Mulders, P. J. and
                  Pijlman, F.",
     title     = "{Single spin asymmetries in hadron hadron collisions}",
     journal   = "Phys. Rev.",
     volume    = "D72",
     year      = "2005",
     pages     = "034030",
     eprint    = "hep-ph/0505268",
     archivePrefix = "arXiv",
     doi       = "10.1103/PhysRevD.72.034030",
     SLACcitation  = "%%CITATION = HEP-PH/0505268;%%"
}

@Article{Bomhof:2006dp, 
     author    = "Bomhof, C. J. and Mulders, P. J. and Pijlman, F.",
     title     = "{The construction of gauge-links in arbitrary hard
                  processes}",
     journal   = "Eur. Phys. J.",
     volume    = "C47",
     year      = "2006",
     pages     = "147-162",
     eprint    = "hep-ph/0601171",
     archivePrefix = "arXiv",
     doi       = "10.1140/epjc/s2006-02554-2",
     SLACcitation  = "%%CITATION = HEP-PH/0601171;%%"
}

@Article{Ratcliffe:2007ye,
     author    = "Ratcliffe, Philip G. and Teryaev, Oleg V.",
     title     = "{Colour modification of effective T-odd distributions}",
     year      = "2007",
     eprint    = "hep-ph/0703293",
     archivePrefix = "arXiv",
     SLACcitation  = "%%CITATION = HEP-PH/0703293;%%"
}

@Article{She:2008tu,
     author    = "She, Jun and Mao, Yajun and Ma, Bo-Qiang",
     title     = "{Left-right asymmetry in semi-inclusive deep inelastic
                  scattering process}",
     journal   = "Phys. Lett.",
     volume    = "B666",
     year      = "2008",
     pages     = "355-358",
     eprint    = "0808.1004",
     archivePrefix = "arXiv",
     primaryClass  =  "hep-ph",
     doi       = "10.1016/j.physletb.2008.07.068",
     SLACcitation  = "%%CITATION = 0808.1004;%%"
}

@Article{Bomhof:2007su,
     author    = "Bomhof, C. J. and Mulders, P. J. and Vogelsang, W. and
                  Yuan, F.",
     title     = "{Single-transverse spin asymmetry in dijet correlations at
                  hadron colliders}",
     journal   = "Phys. Rev.",
     volume    = "D75",
     year      = "2007",
     pages     = "074019",
     eprint    = "hep-ph/0701277",
     archivePrefix = "arXiv",
     doi       = "10.1103/PhysRevD.75.074019",
     SLACcitation  = "%%CITATION = HEP-PH/0701277;%%"
}

@Article{Anselmino:1995vq,
     author    = "Anselmino, M. and Boglione, Mariaelena and Hansson, J. and
                  Murgia, F.",
     title     = "{Polarized inclusive leptoproduction, $\ell N \to hX$, and
                  the hadron helicity density matrix, $\rho(h)$: possible
                  measurements and predictions}",
     journal   = "Phys. Rev.",
     volume    = "D54",
     year      = "1996",
     pages     = "828-837",
     eprint    = "hep-ph/9512379",
     archivePrefix = "arXiv",
     doi       = "10.1103/PhysRevD.54.828",
     SLACcitation  = "%%CITATION = HEP-PH/9512379;%%"
}

@Article{Dixon:1996wi,
     author    = "Dixon, Lance J.",
     title     = "{Calculating scattering amplitudes efficiently}",
     year      = "1996",
     eprint    = "hep-ph/9601359",
     archivePrefix = "arXiv",
     SLACcitation  = "%%CITATION = HEP-PH/9601359;%%"
}

@Article{Leader:2001gr,
     author    = "Leader, E.",
     title     = "{Spin in particle physics}",
     journal   = "Camb. Monogr. Part. Phys. Nucl. Phys. Cosmol.",
     volume    = "15",
     year      = "2001",
     pages     = "1",
     SLACcitation  = "%%CITATION = CMPCE,15,1;%%"
}

@Article{Koike:2002gm,
     author    = "Koike, Yuji",
     title     = "{Single transverse spin asymmetry in p(pol.) p --> pi X and
                  e p(pol.) --> pi X}",
     journal   = "Nucl. Phys.",
     volume    = "A721",
     year      = "2003",
     pages     = "364-367",
     eprint    = "hep-ph/0211400",
     archivePrefix = "arXiv",
     doi       = "10.1016/S0375-9474(03)01070-4",
     SLACcitation  = "%%CITATION = HEP-PH/0211400;%%"
}

@Article{Koike:2002ti,
     author    = "Koike, Yuji",
     title     = "{Single transverse-spin asymmetry in p p(pol.) --> pi X and
                  e p(pol.) --> pi X}",
     journal   = "AIP Conf. Proc.",
     volume    = "675",
     year      = "2003",
     pages     = "449-453",
     eprint    = "hep-ph/0210396",
     archivePrefix = "arXiv",
     doi       = "10.1063/1.1607176",
     SLACcitation  = "%%CITATION = HEP-PH/0210396;%%"
}

@Article{Collaboration:2009ti,
     author    = "Airapetian, A. and others",
 collaboration = "HERMES",
     title     = "{Observation of the Naive-T-odd Sivers Effect in Deep-
                  Inelastic Scattering}",
     year      = "2009",
     eprint    = "0906.3918",
     archivePrefix = "arXiv",
     SLACcitation  = "%%CITATION = 0906.3918;%%"
}
@Article{Pappalardo:2008zz,
     author    = "Pappalardo, L. L.",
 collaboration = "HERMES",
     title     = "{Latest HERMES results on transverse spin effects in hadron
                  structure and formation}",
     journal   = "Eur. Phys. J.",
     volume    = "A38",
     year      = "2008",
     pages     = "145-148",
     doi       = "10.1140/epja/i2008-10575-8",
     SLACcitation  = "%%CITATION = EPHJA,A38,145;%%"
}

@Article{Anselmino:1999gd,
     author    = "Anselmino, M. and Boglione, Mariaelena and Hansson, J. and
                  Murgia, F.",
     title     = "{Predictions for single spin asymmetries in l p(pol.) -->
                  pi X and  gamma* p(pol.) --> pi X}",
     journal   = "Eur. Phys. J.",
     volume    = "C13",
     year      = "2000",
     pages     = "519-526",
     eprint    = "hep-ph/9906418",
     archivePrefix = "arXiv",
     doi       = "10.1007/s100520050714",
     SLACcitation  = "%%CITATION = HEP-PH/9906418;%%"
}

@Article{Yuan:2007nd,
     author    = "Yuan, Feng",
     title     = "{Azimuthal Asymmetric Distribution of Hadrons Inside a Jet
                  at Hadron Collider}",
     journal   = "Phys. Rev. Lett.",
     volume    = "100",
     year      = "2008",
     pages     = "032003",
     eprint    = "0709.3272",
     archivePrefix = "arXiv",
     primaryClass  =  "hep-ph",
     doi       = "10.1103/PhysRevLett.100.032003",
     SLACcitation  = "%%CITATION = 0709.3272;%%"
}

@Article{Collins:2004nx,
     author    = "Collins, John C. and Metz, Andreas",
     title     = "{Universality of soft and collinear factors in hard-
                  scattering  factorization}",
     journal   = "Phys. Rev. Lett.",
     volume    = "93",
     year      = "2004",
     pages     = "252001",
     eprint    = "hep-ph/0408249",
     archivePrefix = "arXiv",
     doi       = "10.1103/PhysRevLett.93.252001",
     SLACcitation  = "%%CITATION = HEP-PH/0408249;%%"
}

@Article{Collins:2007nk,
     author    = "Collins, John and Qiu, Jian-Wei",
     title     = "{$k_{T}$ factorization is violated in production of high-
                  transverse-momentum particles in hadron-hadron
                  collisions}",
     journal   = "Phys. Rev.",
     volume    = "D75",
     year      = "2007",
     pages     = "114014",
     eprint    = "0705.2141",
     archivePrefix = "arXiv",
     primaryClass  =  "hep-ph",
     doi       = "10.1103/PhysRevD.75.114014",
     SLACcitation  = "%%CITATION = 0705.2141;%%"
}


@Article{Anselmino:2009pn,
     author    = "Anselmino, M. and others",
     title     = "{Single spin asymmetries in l p --> h X processes: a test
                  of factorization}",
     journal   = "Phys. Rev.",
     volume    = "D81",
     year      = "2010",
     pages     = "034007",
     eprint    = "0911.1744",
     archivePrefix = "arXiv",
     primaryClass  =  "hep-ph",
     doi       = "10.1103/PhysRevD.81.034007",
     SLACcitation  = "%%CITATION = 0911.1744;%%"
}

@Article{Koike:2002gm,
     author    = "Koike, Yuji",
     title     = "{Single transverse spin asymmetry in p(pol.) p --> pi X and
                  e p(pol.) --> pi X}",
     journal   = "Nucl. Phys.",
     volume    = "A721",
     year      = "2003",
     pages     = "364-367",
     eprint    = "hep-ph/0211400",
     archivePrefix = "arXiv",
     doi       = "10.1016/S0375-9474(03)01070-4",
     SLACcitation  = "%%CITATION = HEP-PH/0211400;%%"
}





@Article{Gourdin:1973qx,
     author    = "Gourdin, M.",
     title     = "{Semiinclusive reactions induced by leptons}",
     journal   = "Nucl. Phys.",
     volume    = "B49",
     year      = "1972",
     pages     = "501-512",
     doi       = "10.1016/0550-3213(72)90615-3",
     SLACcitation  = "%%CITATION = NUPHA,B49,501;%%"
}

@Article{Diehl:2005pc,
     author    = "Diehl, M. and Sapeta, S.",
     title     = "{On the analysis of lepton scattering on longitudinally or
                  transversely  polarized protons}",
     journal   = "Eur. Phys. J.",
     volume    = "C41",
     year      = "2005",
     pages     = "515-533",
     eprint    = "hep-ph/0503023",
     archivePrefix = "arXiv",
     doi       = "10.1140/epjc/s2005-02242-9",
     SLACcitation  = "%%CITATION = HEP-PH/0503023;%%"
}

@Article{Ji:2004xq,
     author    = "Ji, Xiang-dong and Ma, Jian-Ping and Yuan, Feng",
     title     = "{QCD factorization for spin-dependent cross sections in DIS
                  and  Drell-Yan processes at low transverse momentum}",
     journal   = "Phys. Lett.",
     volume    = "B597",
     year      = "2004",
     pages     = "299-308",
     eprint    = "hep-ph/0405085",
     archivePrefix = "arXiv",
     doi       = "10.1016/j.physletb.2004.07.026",
     SLACcitation  = "%%CITATION = HEP-PH/0405085;%%"
}

@Article{Yoon:2017qzo,
      author         = "Yoon, Boram and Engelhardt, Michael and Gupta, Rajan and
                        Bhattacharya, Tanmoy and Green, Jeremy R. and Musch,
                        Bernhard U. and Negele, John W. and Pochinsky, Andrew V.
                        and Schäfer, Andreas and Syritsyn, Sergey N.",
      title          = "{Nucleon Transverse Momentum-dependent Parton
                        Distributions in Lattice QCD: Renormalization Patterns and
                        Discretization Effects}",
      journal        = "Phys. Rev.",
      volume         = "D96",
      year           = "2017",
      number         = "9",
      pages          = "094508",
      doi            = "10.1103/PhysRevD.96.094508",
      eprint         = "1706.03406",
      archivePrefix  = "arXiv",
      primaryClass   = "hep-lat",
      reportNumber   = "LA-UR-17-24472",
      SLACcitation   = "%%CITATION = ARXIV:1706.03406;%%"
}


@article{Schweitzer:2003uy,
      author         = "Schweitzer, P.",
      title          = "{The Chirally odd twist three distribution function
                        e**alpha(x) in the chiral quark soliton model}",
      journal        = "Phys. Rev.",
      volume         = "D67",
      year           = "2003",
      pages          = "114010",
      doi            = "10.1103/PhysRevD.67.114010",
      eprint         = "hep-ph/0303011",
      archivePrefix  = "arXiv",
      primaryClass   = "hep-ph",
      SLACcitation   = "%%CITATION = HEP-PH/0303011;%%"
}


@article{Ohnishi:2003mf,
      author         = "Ohnishi, Y. and Wakamatsu, M.",
      title          = "{pi N sigma term and chiral odd twist three distribution
                        function e(x) of the nucleon in the chiral quark soliton
                        model}",
      journal        = "Phys. Rev.",
      volume         = "D69",
      year           = "2004",
      pages          = "114002",
      doi            = "10.1103/PhysRevD.69.114002",
      eprint         = "hep-ph/0312044",
      archivePrefix  = "arXiv",
      primaryClass   = "hep-ph",
      reportNumber   = "OU-HEP-459",
      SLACcitation   = "%%CITATION = HEP-PH/0312044;%%"
}

@article{Cebulla:2007ej,
      author         = "Cebulla, C. and Ossmann, J. and Schweitzer, P. and
                        Urbano, D.",
      title          = "{The Twist-3 parton distribution function e**a(x) in
                        large-N(c) chiral theory}",
      journal        = "Acta Phys. Polon.",
      volume         = "B39",
      year           = "2008",
      pages          = "609-640",
      eprint         = "0710.3103",
      archivePrefix  = "arXiv",
      primaryClass   = "hep-ph",
      reportNumber   = "RUB-TPII-07-07",
      SLACcitation   = "%%CITATION = ARXIV:0710.3103;%%"
}

@article{Airapetian:2011wu,
      author         = "Airapetian, A. and others",
      title          = "{Measurement of the virtual-photon asymmetry $A_2$ and
                        the spin-structure function $g_2$ of the proton}",
      collaboration  = "HERMES",
      journal        = "Eur. Phys. J.",
      volume         = "C72",
      year           = "2012",
      pages          = "1921",
      doi            = "10.1140/epjc/s10052-012-1921-5",
      eprint         = "1112.5584",
      archivePrefix  = "arXiv",
      primaryClass   = "hep-ex",
      reportNumber   = "DESY-11-249",
      SLACcitation   = "%%CITATION = ARXIV:1112.5584;%%"
}

@article{Airapetian:2012yg,
      author         = "Airapetian, A. and others",
      title          = "{Azimuthal distributions of charged hadrons, pions, and
                        kaons produced in deep-inelastic scattering off
                        unpolarized protons and deuterons}",
      collaboration  = "HERMES",
      journal        = "Phys. Rev.",
      volume         = "D87",
      year           = "2013",
      number         = "1",
      pages          = "012010",
      doi            = "10.1103/PhysRevD.87.012010",
      eprint         = "1204.4161",
      archivePrefix  = "arXiv",
      primaryClass   = "hep-ex",
      reportNumber   = "DESY-12-060",
      SLACcitation   = "%%CITATION = ARXIV:1204.4161;%%"
}


@article{Parsamyan:2015dfa,
      author         = "Parsamyan, Bakur",
      title          = "{Transverse spin azimuthal asymmetries in SIDIS at
                        COMPASS: Multidimensional analysis}",
      booktitle      = "{Proceedings, 21st International Symposium on Spin
                        Physics (SPIN 2014): Beijing, China, October 20-24, 2014}",
      journal        = "Int. J. Mod. Phys. Conf. Ser.",
      volume         = "40",
      year           = "2016",
      pages          = "1660029",
      doi            = "10.1142/S2010194516600296",
      eprint         = "1504.01599",
      archivePrefix  = "arXiv",
      primaryClass   = "hep-ex",
      SLACcitation   = "%%CITATION = ARXIV:1504.01599;%%"
}

@inproceedings{Parsamyan:2015myq,
      author         = "Parsamyan, Bakur",
      title          = "{Transverse spin azimuthal asymmetries in SIDIS at
                        COMPASS: Multidimensional analysis}",
      booktitle      = "{Proceedings, 12th Conference on the Intersections of
                        Particle and Nuclear Physics (CIPANP 2015): Vail,
                        Colorado, USA, May 19-24, 2015}",
      collaboration  = "COMPASS",
      url            = "https://inspirehep.net/record/1407140/files/arXiv:1511.09093.pdf",
      year           = "2015",
      eprint         = "1511.09093",
      archivePrefix  = "arXiv",
      primaryClass   = "hep-ex",
      SLACcitation   = "%%CITATION = ARXIV:1511.09093;%%"
}

@article{Stock:1994vv,
      author         = "Stock, F. and others",
      title          = "{The FILTEX / HERMES polarized hydrogen atomic beam
                        source}",
      journal        = "Nucl. Instrum. Meth.",
      volume         = "A343",
      year           = "1994",
      pages          = "334-342",
      doi            = "10.1016/0168-9002(94)90210-0",
      SLACcitation   = "%%CITATION = NUIMA,A343,334;%%"
}

@article{Goertz:2002vv,
      author         = "Goertz, S. and Meyer, W. and Reicherz, G.",
      title          = "{Polarized H, D and He-3 targets for particle physics
                        experiments}",
      journal        = "Prog. Part. Nucl. Phys.",
      volume         = "49",
      year           = "2002",
      pages          = "403-489",
      doi            = "10.1016/S0146-6410(02)00159-X",
      note           = "[Erratum: Prog. Part. Nucl. Phys.51,309(2003)]",
      SLACcitation   = "%%CITATION = PPNPD,49,403;%%"
}

@article{Schweitzer:2003yr,
      author         = "Schweitzer, P. and Bacchetta, A.",
      title          = "{Azimuthal single spin asymmetries in SIDIS in the light
                        of chiral symmetry breaking}",
      journal        = "Nucl. Phys.",
      volume         = "A732",
      year           = "2004",
      pages          = "106-124",
      doi            = "10.1016/j.nuclphysa.2003.12.010",
      eprint         = "hep-ph/0310318",
      archivePrefix  = "arXiv",
      primaryClass   = "hep-ph",
      SLACcitation   = "%%CITATION = HEP-PH/0310318;%%"
}
@article{Efremov:2003eq,
      author         = "Efremov, A. V. and Goeke, K. and Schweitzer, P.",
      title          = "{Collins effect and single spin azimuthal asymmetries in
                        the HERMES and COMPASS experiments}",
      journal        = "Eur. Phys. J.",
      volume         = "C32",
      year           = "2003",
      pages          = "337-346",
      doi            = "10.1140/epjc/s2003-01398-6",
      eprint         = "hep-ph/0309209",
      archivePrefix  = "arXiv",
      primaryClass   = "hep-ph",
      reportNumber   = "RUB-TPII-14-03",
      SLACcitation   = "%%CITATION = HEP-PH/0309209;%%"
}
@article{Efremov:2003tf,
      author         = "Efremov, A. V. and Goeke, K. and Schweitzer, P.",
      title          = "{Sivers versus Collins effect in azimuthal single spin
                        asymmetries in pion production in SIDIS}",
      journal        = "Phys. Lett.",
      volume         = "B568",
      year           = "2003",
      pages          = "63-72",
      doi            = "10.1016/j.physletb.2003.06.016",
      eprint         = "hep-ph/0303062",
      archivePrefix  = "arXiv",
      primaryClass   = "hep-ph",
      reportNumber   = "RUB-TPII-05-03",
      SLACcitation   = "%%CITATION = HEP-PH/0303062;%%"
}
@article{Ma:2002ns,
      author         = "Ma, Bo-Qiang and Schmidt, Ivan and Yang, Jian-Jun",
      title          = "{Reanalysis of azimuthal spin asymmetries of meson
                        electroproduction}",
      journal        = "Phys. Rev.",
      volume         = "D66",
      year           = "2002",
      pages          = "094001",
      doi            = "10.1103/PhysRevD.66.094001",
      eprint         = "hep-ph/0209114",
      archivePrefix  = "arXiv",
      primaryClass   = "hep-ph",
      reportNumber   = "USM-TH-129",
      SLACcitation   = "%%CITATION = HEP-PH/0209114;%%"
}
@article{Efremov:2002sd,
      author         = "Efremov, A. V. and Goeke, K. and Schweitzer, P.",
      title          = "{Azimuthal asymmetries and Collins analyzing power}",
      booktitle      = "{Proceedings, 10th International Workshop on Deep
                        Inelastic Scattering (DIS 2002): Krakow, Poland, April
                        30-May 4, 2002}",
      journal        = "Nucl. Phys.",
      volume         = "A711",
      year           = "2002",
      pages          = "84-88",
      doi            = "10.1016/S0375-9474(02)01199-5",
      note           = "[Acta Phys. Polon.B33,3755(2002)]",
      eprint         = "hep-ph/0206267",
      archivePrefix  = "arXiv",
      primaryClass   = "hep-ph",
      reportNumber   = "RUB-TP2-10-02",
      SLACcitation   = "%%CITATION = HEP-PH/0206267;%%"
}
@article{Efremov:2001ia,
      author         = "Efremov, A. V. and Goeke, K. and Schweitzer, P.",
      title          = "{Predictions for azimuthal asymmetries in pion and kaon
                        production in SIDIS off a longitudinally polarized
                        deuterium target at HERMES}",
      journal        = "Eur. Phys. J.",
      volume         = "C24",
      year           = "2002",
      pages          = "407-412",
      doi            = "10.1007/s100520200918",
      eprint         = "hep-ph/0112166",
      archivePrefix  = "arXiv",
      primaryClass   = "hep-ph",
      reportNumber   = "RUB-TP2-09-01",
      SLACcitation   = "%%CITATION = HEP-PH/0112166;%%"
}
@article{Ma:2001ie,
      author         = "Ma, Bo-Qiang and Schmidt, Ivan and Yang, Jian-Jun",
      title          = "{Azimuthal spin asymmetries of pion electroproduction}",
      journal        = "Phys. Rev.",
      volume         = "D65",
      year           = "2002",
      pages          = "034010",
      doi            = "10.1103/PhysRevD.65.034010",
      eprint         = "hep-ph/0110324",
      archivePrefix  = "arXiv",
      primaryClass   = "hep-ph",
      reportNumber   = "USM-TH-113",
      SLACcitation   = "%%CITATION = HEP-PH/0110324;%%"
}
@article{Efremov:2002td,
      author         = "Efremov, A. V. and Goeke, K. and Schweitzer, P.",
      title          = "{Azimuthal asymmetry in electroproduction of neutral
                        pions in semiinclusive DIS}",
      journal        = "Phys. Lett.",
      volume         = "B522",
      year           = "2001",
      pages          = "37-48",
      doi            = "10.1016/S0370-2693(01)01258-8,
                        10.1016/S0370-2693(02)02518-2",
      note           = "[Erratum: Phys. Lett.B544,389(2002)]",
      eprint         = "hep-ph/0108213",
      archivePrefix  = "arXiv",
      primaryClass   = "hep-ph",
      reportNumber   = "hep-ph/0204056, RUB-TP2-08-01, RUB-TP2-08-01E",
      SLACcitation   = "%%CITATION = HEP-PH/0108213;%%"
}
@article{Oganessian:2000um,
      author         = "Oganessian, K. A. and Bianchi, N. and De Sanctis, E. and
                        Nowak, W. D.",
      title          = "{Investigation of single spin asymmetries in pi+
                        electroproduction}",
      journal        = "Nucl. Phys.",
      volume         = "A689",
      year           = "2001",
      pages          = "784-792",
      doi            = "10.1016/S0375-9474(00)00609-6",
      eprint         = "hep-ph/0010261",
      archivePrefix  = "arXiv",
      primaryClass   = "hep-ph",
      SLACcitation   = "%%CITATION = HEP-PH/0010261;%%"
}
@article{Anselmino:2000mb,
      author         = "Anselmino, M. and Murgia, F.",
      title          = "{Spin effects in the fragmentation of a transversely
                        polarized quark}",
      journal        = "Phys. Lett.",
      volume         = "B483",
      year           = "2000",
      pages          = "74-86",
      doi            = "10.1016/S0370-2693(00)00519-0",
      eprint         = "hep-ph/0002120",
      archivePrefix  = "arXiv",
      primaryClass   = "hep-ph",
      reportNumber   = "DFTT-06-2000, INFN-CA-TH-0002",
      SLACcitation   = "%%CITATION = HEP-PH/0002120;%%"
}
@article{DeSanctis:2000fh,
      author         = "De Sanctis, E. and Nowak, W. D. and Oganesian, K. A.",
      title          = "{Single spin azimuthal asymmetries in the `Reduced twist
                        - three approximation'}",
      journal        = "Phys. Lett.",
      volume         = "B483",
      year           = "2000",
      pages          = "69-73",
      doi            = "10.1016/S0370-2693(00)00596-7",
      eprint         = "hep-ph/0002091",
      archivePrefix  = "arXiv",
      primaryClass   = "hep-ph",
      reportNumber   = "DESY-00-016",
      SLACcitation   = "%%CITATION = HEP-PH/0002091;%%"
}

@article{Huang:2011bc,
      author         = "Huang, J. and others",
      title          = "{Beam-Target Double Spin Asymmetry $A_{LT}$ 
                        in Charged Pion
                        Production from Deep Inelastic Scattering on a
                        Transversely Polarized He-3 Target at $1.4 < Q^2 < 2.7
                        GeV^2$}",
      collaboration  = "Jefferson Lab Hall A",
      journal        = "Phys. Rev. Lett.",
      volume         = "108",
      year           = "2012",
      pages          = "052001",
      doi            = "10.1103/PhysRevLett.108.052001",
      eprint         = "1108.0489",
      archivePrefix  = "arXiv",
      primaryClass   = "nucl-ex",
      reportNumber   = "JLAB-PHY-11-1359",
      SLACcitation   = "%%CITATION = ARXIV:1108.0489;%%"
}

@article{Cheng:1972sy,
      author         = "Cheng, T. P. and Zee, A.",
      title          = "{Coincidence electroproduction and scaling in the regge
                        region}",
      journal        = "Phys. Rev.",
      volume         = "D6",
      year           = "1972",
      pages          = "885-893",
      doi            = "10.1103/PhysRevD.6.885",
      SLACcitation   = "%%CITATION = PHRVA,D6,885;%%"
}

@inproceedings{Dakin:1972db,
      author         = "Dakin, J. T. and Feldman, G. J. and Lakin, W. L. and
                        Martin, F. and Perl, Martin L. and Petraske, E. W. and
                        Toner, W. T.",
      title          = "{PRELIMINARY RESULTS ON THE INCLUSIVE ELECTROPRODUCTION
                        OF HADRONS}",
      url            =
"http://www-public.slac.stanford.edu/sciDoc/docMeta.aspx?slacPubNumber=SLAC-PUB-1074",
      year           = "1972",
      reportNumber   = "SLAC-PUB-1074",
      SLACcitation   = "%%CITATION = SLAC-PUB-1074;%%"
}